
  <marc:record>
    <marc:leader>00343nx  a22001453  4500</marc:leader>
    <marc:controlfield tag="001">FRBNF114472535</marc:controlfield>
    <marc:controlfield tag="003">http://catalogue.bnf.fr/ark:/12148/cb11447253n</marc:controlfield>
    <marc:datafield tag="100" ind1=" " ind2=" ">
      <marc:subfield code="a">19970701cfrey50      ba0</marc:subfield>
    </marc:datafield>
    <marc:datafield tag="101" ind1=" " ind2=" ">
      <marc:subfield code="a">und</marc:subfield>
    </marc:datafield>
    <marc:datafield tag="102" ind1=" " ind2=" ">
      <marc:subfield code="a">XX</marc:subfield>
    </marc:datafield>
    <marc:datafield tag="105" ind1=" " ind2=" ">
      <marc:subfield code="a">a</marc:subfield>
    </marc:datafield>
    <marc:datafield tag="106" ind1=" " ind2=" ">
      <marc:subfield code="a">1  </marc:subfield>
    </marc:datafield>
    <marc:datafield tag="152" ind1=" " ind2=" ">
      <marc:subfield code="c">2</marc:subfield>
    </marc:datafield>
    <marc:datafield tag="200" ind1=" " ind2=" ">
      <marc:subfield code="7">ba0yba0y</marc:subfield>
      <marc:subfield code="8">fre   </marc:subfield>
      <marc:subfield code="a">Faivre</marc:subfield>
      <marc:subfield code="b">Tony</marc:subfield>
    </marc:datafield>
    <marc:datafield tag="801" ind1=" " ind2=" ">
      <marc:subfield code="a">FR</marc:subfield>
      <marc:subfield code="b">FR-751131015</marc:subfield>
      <marc:subfield code="c">19970701</marc:subfield>
    </marc:datafield>
  </marc:record>