
  <marc:record>
    <marc:leader>01395cx  j2200265   4500</marc:leader>
    <marc:controlfield tag="001">FRBNF119759959</marc:controlfield>
    <marc:controlfield tag="003">http://catalogue.bnf.fr/ark:/12148/cb11975995h</marc:controlfield>
    <marc:controlfield tag="005">20121016</marc:controlfield>
    <marc:datafield tag="039" ind1=" " ind2=" ">
      <marc:subfield code="o">OPL</marc:subfield>
      <marc:subfield code="a">002123731</marc:subfield>
    </marc:datafield>
    <marc:datafield tag="100" ind1=" " ind2=" ">
      <marc:subfield code="a">19850702afrey50      ba0</marc:subfield>
    </marc:datafield>
    <marc:datafield tag="106" ind1=" " ind2=" ">
      <marc:subfield code="a">220</marc:subfield>
    </marc:datafield>
    <marc:datafield tag="152" ind1=" " ind2=" ">
      <marc:subfield code="b">rameau</marc:subfield>
      <marc:subfield code="c">2</marc:subfield>
    </marc:datafield>
    <marc:datafield tag="250" ind1=" " ind2=" ">
      <marc:subfield code="7">ba0yba0y</marc:subfield>
      <marc:subfield code="8">fre   </marc:subfield>
      <marc:subfield code="a">20e siècle</marc:subfield>
    </marc:datafield>
    <marc:datafield tag="330" ind1=" " ind2=" ">
      <marc:subfield code="a">S'emploie uniquement en subdivision chronologique [sans subd. géogr.] à tous sujets noms communs et noms propres, à l'exception des personnes et des sujets pour lesquels il existe un découpage chronologique spécifique</marc:subfield>
    </marc:datafield>
    <marc:datafield tag="450" ind1=" " ind2=" ">
      <marc:subfield code="7">ba0yba0y</marc:subfield>
      <marc:subfield code="8">fre   </marc:subfield>
      <marc:subfield code="a">20e siècle (subdivision)</marc:subfield>
    </marc:datafield>
    <marc:datafield tag="550" ind1=" " ind2=" ">
      <marc:subfield code="5">z</marc:subfield>
      <marc:subfield code="0">Voir aussi</marc:subfield>
      <marc:subfield code="3">12433520</marc:subfield>
      <marc:subfield code="7">ba0yba0y</marc:subfield>
      <marc:subfield code="8">fre   </marc:subfield>
      <marc:subfield code="a">1945-....</marc:subfield>
    </marc:datafield>
    <marc:datafield tag="550" ind1=" " ind2=" ">
      <marc:subfield code="5">z</marc:subfield>
      <marc:subfield code="0">Voir aussi</marc:subfield>
      <marc:subfield code="3">11935621</marc:subfield>
      <marc:subfield code="7">ba0yba0y</marc:subfield>
      <marc:subfield code="8">fre   </marc:subfield>
      <marc:subfield code="a">Histoire universelle</marc:subfield>
      <marc:subfield code="z">20e siècle</marc:subfield>
    </marc:datafield>
    <marc:datafield tag="550" ind1=" " ind2=" ">
      <marc:subfield code="5">z</marc:subfield>
      <marc:subfield code="0">Voir aussi</marc:subfield>
      <marc:subfield code="3">11940256</marc:subfield>
      <marc:subfield code="7">ba0yba0y</marc:subfield>
      <marc:subfield code="8">fre   </marc:subfield>
      <marc:subfield code="a">Vingtième siècle</marc:subfield>
    </marc:datafield>
    <marc:datafield tag="550" ind1=" " ind2=" ">
      <marc:subfield code="5">h</marc:subfield>
      <marc:subfield code="3">11976044</marc:subfield>
      <marc:subfield code="7">ba0yba0y</marc:subfield>
      <marc:subfield code="8">fre   </marc:subfield>
      <marc:subfield code="a">1900-1945</marc:subfield>
    </marc:datafield>
    <marc:datafield tag="550" ind1=" " ind2=" ">
      <marc:subfield code="5">h</marc:subfield>
      <marc:subfield code="3">11976021</marc:subfield>
      <marc:subfield code="7">ba0yba0y</marc:subfield>
      <marc:subfield code="8">fre   </marc:subfield>
      <marc:subfield code="a">1945-1990</marc:subfield>
    </marc:datafield>
    <marc:datafield tag="550" ind1=" " ind2=" ">
      <marc:subfield code="5">g</marc:subfield>
      <marc:subfield code="3">14533294</marc:subfield>
      <marc:subfield code="7">ba0yba0y</marc:subfield>
      <marc:subfield code="8">fre   </marc:subfield>
      <marc:subfield code="a">1800-....</marc:subfield>
    </marc:datafield>
    <marc:datafield tag="686" ind1=" " ind2=" ">
      <marc:subfield code="a">900</marc:subfield>
      <marc:subfield code="c">Histoire et géographie (généralités)</marc:subfield>
      <marc:subfield code="2">Note de regroupement par domaine</marc:subfield>
    </marc:datafield>
    <marc:datafield tag="801" ind1=" " ind2=" ">
      <marc:subfield code="a">FR</marc:subfield>
      <marc:subfield code="b">FR-751131015</marc:subfield>
      <marc:subfield code="c">20121016</marc:subfield>
    </marc:datafield>
    <marc:datafield tag="822" ind1="1" ind2=" ">
      <marc:subfield code="a">20th century</marc:subfield>
      <marc:subfield code="2">LCSH</marc:subfield>
      <marc:subfield code="u">http://id.loc.gov/authorities/subjects/sh2002012476</marc:subfield>
      <marc:subfield code="d">2017-02-09</marc:subfield>
    </marc:datafield>
    <marc:datafield tag="822" ind1="1" ind2=" ">
      <marc:subfield code="a">History--20th century</marc:subfield>
      <marc:subfield code="2">LCSH</marc:subfield>
      <marc:subfield code="u">http://id.loc.gov/authorities/subjects/sh2002006165</marc:subfield>
      <marc:subfield code="d">2017-02-09</marc:subfield>
    </marc:datafield>
  </marc:record>