
  <marc:record>
    <marc:leader>00411cx  b2200157   4500</marc:leader>
    <marc:controlfield tag="001">FRBNF140108885</marc:controlfield>
    <marc:controlfield tag="003">http://catalogue.bnf.fr/ark:/12148/cb14010888c</marc:controlfield>
    <marc:controlfield tag="005">20060320</marc:controlfield>
    <marc:datafield tag="100" ind1=" " ind2=" ">
      <marc:subfield code="a">19980507afrey50      ba0</marc:subfield>
    </marc:datafield>
    <marc:datafield tag="102" ind1=" " ind2=" ">
      <marc:subfield code="a">FR</marc:subfield>
    </marc:datafield>
    <marc:datafield tag="105" ind1=" " ind2=" ">
      <marc:subfield code="c">e</marc:subfield>
      <marc:subfield code="c">d</marc:subfield>
      <marc:subfield code="d">h</marc:subfield>
    </marc:datafield>
    <marc:datafield tag="106" ind1=" " ind2=" ">
      <marc:subfield code="a">1  </marc:subfield>
    </marc:datafield>
    <marc:datafield tag="150" ind1=" " ind2=" ">
      <marc:subfield code="a">y</marc:subfield>
      <marc:subfield code="b">b6  </marc:subfield>
    </marc:datafield>
    <marc:datafield tag="210" ind1=" " ind2=" ">
      <marc:subfield code="7">ba0yba0y</marc:subfield>
      <marc:subfield code="8">fre   </marc:subfield>
      <marc:subfield code="9">20 </marc:subfield>
      <marc:subfield code="a">Ed distribution</marc:subfield>
    </marc:datafield>
    <marc:datafield tag="303" ind1=" " ind2=" ">
      <marc:subfield code="a">3, square Caulaincourt, 75018 Paris</marc:subfield>
    </marc:datafield>
    <marc:datafield tag="801" ind1=" " ind2=" ">
      <marc:subfield code="a">FR</marc:subfield>
      <marc:subfield code="b">FR-751131015</marc:subfield>
      <marc:subfield code="c">20060320</marc:subfield>
    </marc:datafield>
  </marc:record>