
  <marc:record>
    <marc:leader>01032cx  b2200217   4500</marc:leader>
    <marc:controlfield tag="001">FRBNF138890500</marc:controlfield>
    <marc:controlfield tag="003">http://catalogue.bnf.fr/ark:/12148/cb13889050b</marc:controlfield>
    <marc:controlfield tag="005">20030312</marc:controlfield>
    <marc:datafield tag="100" ind1=" " ind2=" ">
      <marc:subfield code="a">19890601afrey50      ba0</marc:subfield>
    </marc:datafield>
    <marc:datafield tag="102" ind1=" " ind2=" ">
      <marc:subfield code="a">FR</marc:subfield>
    </marc:datafield>
    <marc:datafield tag="105" ind1=" " ind2=" ">
      <marc:subfield code="c">e</marc:subfield>
      <marc:subfield code="c">s</marc:subfield>
      <marc:subfield code="c">d</marc:subfield>
      <marc:subfield code="d">g</marc:subfield>
    </marc:datafield>
    <marc:datafield tag="106" ind1=" " ind2=" ">
      <marc:subfield code="a">1  </marc:subfield>
    </marc:datafield>
    <marc:datafield tag="150" ind1=" " ind2=" ">
      <marc:subfield code="a">y</marc:subfield>
    </marc:datafield>
    <marc:datafield tag="210" ind1=" " ind2=" ">
      <marc:subfield code="7">ba0yba0y</marc:subfield>
      <marc:subfield code="8">fre   </marc:subfield>
      <marc:subfield code="9"> 0 </marc:subfield>
      <marc:subfield code="a">Livraphone</marc:subfield>
    </marc:datafield>
    <marc:datafield tag="300" ind1="0" ind2=" ">
      <marc:subfield code="a">Producteur, éditeur et distributeur phonographique d'oeuvres littéraires. - Société créée en 1986 par Arnaud Mathon. - Anciennes adresses (1986-2000) :  6 rue d'Alger, 75001 Paris. Tél. 42.96.54.32. Fax 42.96.09.56 puis 114 rue de la Croix Nivert, 75015 Paris. Tél. 01.48.28.89.19. Fax 01.48.28. 69.49. - Site Internet : http://www.livraphone.fr</marc:subfield>
    </marc:datafield>
    <marc:datafield tag="303" ind1=" " ind2=" ">
      <marc:subfield code="a">119-121 rue Blomet, 75015 Paris</marc:subfield>
    </marc:datafield>
    <marc:datafield tag="410" ind1=" " ind2=" ">
      <marc:subfield code="7">ba0yba0y</marc:subfield>
      <marc:subfield code="8">fre   </marc:subfield>
      <marc:subfield code="9"> 1 </marc:subfield>
      <marc:subfield code="a">Livraphone vox libri</marc:subfield>
    </marc:datafield>
    <marc:datafield tag="500" ind1=" " ind2=" ">
      <marc:subfield code="5">z</marc:subfield>
      <marc:subfield code="3">14450090</marc:subfield>
      <marc:subfield code="7">ba0yba0y</marc:subfield>
      <marc:subfield code="8">fre   </marc:subfield>
      <marc:subfield code="9"> 0 </marc:subfield>
      <marc:subfield code="a">Mathon</marc:subfield>
      <marc:subfield code="b">Arnaud</marc:subfield>
    </marc:datafield>
    <marc:datafield tag="516" ind1=" " ind2=" ">
      <marc:subfield code="5">z</marc:subfield>
      <marc:subfield code="0">Edite et distribue : </marc:subfield>
      <marc:subfield code="3">13876179</marc:subfield>
      <marc:subfield code="a">Livraphone</marc:subfield>
    </marc:datafield>
    <marc:datafield tag="516" ind1=" " ind2=" ">
      <marc:subfield code="5">z</marc:subfield>
      <marc:subfield code="0">Edite et distribue : </marc:subfield>
      <marc:subfield code="3">14039058</marc:subfield>
      <marc:subfield code="a">Livraphone vox libri</marc:subfield>
    </marc:datafield>
    <marc:datafield tag="801" ind1=" " ind2=" ">
      <marc:subfield code="a">FR</marc:subfield>
      <marc:subfield code="b">FR-751131015</marc:subfield>
      <marc:subfield code="c">20030312</marc:subfield>
    </marc:datafield>
  </marc:record>