
  <marc:record>
    <marc:leader>00551cx  a2200217   4500</marc:leader>
    <marc:controlfield tag="001">FRBNF139397275</marc:controlfield>
    <marc:controlfield tag="003">http://catalogue.bnf.fr/ark:/12148/cb13939727w</marc:controlfield>
    <marc:controlfield tag="005">20061027</marc:controlfield>
    <marc:datafield tag="010" ind1=" " ind2=" ">
      <marc:subfield code="a">0000000051856942</marc:subfield>
      <marc:subfield code="2">VIAF</marc:subfield>
      <marc:subfield code="d">20130731</marc:subfield>
    </marc:datafield>
    <marc:datafield tag="100" ind1=" " ind2=" ">
      <marc:subfield code="a">19910626afrey50      ba0</marc:subfield>
    </marc:datafield>
    <marc:datafield tag="102" ind1=" " ind2=" ">
      <marc:subfield code="a">GB</marc:subfield>
    </marc:datafield>
    <marc:datafield tag="103" ind1=" " ind2=" ">
      <marc:subfield code="a"> 19031001  19890425 </marc:subfield>
    </marc:datafield>
    <marc:datafield tag="105" ind1=" " ind2=" ">
      <marc:subfield code="a">i</marc:subfield>
    </marc:datafield>
    <marc:datafield tag="106" ind1=" " ind2=" ">
      <marc:subfield code="a">1  </marc:subfield>
    </marc:datafield>
    <marc:datafield tag="120" ind1=" " ind2=" ">
      <marc:subfield code="a">b</marc:subfield>
    </marc:datafield>
    <marc:datafield tag="152" ind1=" " ind2=" ">
      <marc:subfield code="c">2</marc:subfield>
    </marc:datafield>
    <marc:datafield tag="200" ind1=" " ind2=" ">
      <marc:subfield code="7">ba0yba0y</marc:subfield>
      <marc:subfield code="8">fre   </marc:subfield>
      <marc:subfield code="9"> 0 </marc:subfield>
      <marc:subfield code="a">Coulouris</marc:subfield>
      <marc:subfield code="b">George</marc:subfield>
      <marc:subfield code="f">1903-1989</marc:subfield>
    </marc:datafield>
    <marc:datafield tag="300" ind1="0" ind2=" ">
      <marc:subfield code="a">Acteur</marc:subfield>
    </marc:datafield>
    <marc:datafield tag="301" ind1=" " ind2=" ">
      <marc:subfield code="a">Manchester (GB)</marc:subfield>
      <marc:subfield code="b">Londres</marc:subfield>
    </marc:datafield>
    <marc:datafield tag="801" ind1=" " ind2=" ">
      <marc:subfield code="a">FR</marc:subfield>
      <marc:subfield code="b">FR-751131015</marc:subfield>
      <marc:subfield code="c">20061027</marc:subfield>
    </marc:datafield>
    <marc:datafield tag="810" ind1=" " ind2=" ">
      <marc:subfield code="a">Tulard</marc:subfield>
    </marc:datafield>
  </marc:record>