
  <marc:record>
    <marc:leader>00677nx  b2200205   4500</marc:leader>
    <marc:controlfield tag="001">FRBNF144661310</marc:controlfield>
    <marc:controlfield tag="003">http://catalogue.bnf.fr/ark:/12148/cb14466131n</marc:controlfield>
    <marc:datafield tag="100" ind1=" " ind2=" ">
      <marc:subfield code="a">20030404afrey50      ba0</marc:subfield>
    </marc:datafield>
    <marc:datafield tag="102" ind1=" " ind2=" ">
      <marc:subfield code="a">SE</marc:subfield>
    </marc:datafield>
    <marc:datafield tag="103" ind1=" " ind2=" ">
      <marc:subfield code="a"> 1998               </marc:subfield>
    </marc:datafield>
    <marc:datafield tag="105" ind1=" " ind2=" ">
      <marc:subfield code="a">a</marc:subfield>
    </marc:datafield>
    <marc:datafield tag="106" ind1=" " ind2=" ">
      <marc:subfield code="a">1  </marc:subfield>
    </marc:datafield>
    <marc:datafield tag="150" ind1=" " ind2=" ">
      <marc:subfield code="a">y</marc:subfield>
      <marc:subfield code="b">c6  </marc:subfield>
    </marc:datafield>
    <marc:datafield tag="152" ind1=" " ind2=" ">
      <marc:subfield code="c">2</marc:subfield>
    </marc:datafield>
    <marc:datafield tag="210" ind1=" " ind2=" ">
      <marc:subfield code="7">ba0yba0y</marc:subfield>
      <marc:subfield code="8">fre   </marc:subfield>
      <marc:subfield code="9">20 </marc:subfield>
      <marc:subfield code="a">Pan vision corporate games</marc:subfield>
    </marc:datafield>
    <marc:datafield tag="300" ind1="0" ind2=" ">
      <marc:subfield code="a">Développeur de jeux multimédia</marc:subfield>
    </marc:datafield>
    <marc:datafield tag="303" ind1=" " ind2=" ">
      <marc:subfield code="a">Tegnérgatan 34, 3tr, PO box 6809, 11386 Stockholm</marc:subfield>
    </marc:datafield>
    <marc:datafield tag="801" ind1=" " ind2=" ">
      <marc:subfield code="a">FR</marc:subfield>
      <marc:subfield code="b">FR-751131015</marc:subfield>
      <marc:subfield code="c">20030404</marc:subfield>
    </marc:datafield>
    <marc:datafield tag="810" ind1=" " ind2=" ">
      <marc:subfield code="a">Alexandra Ledermann 3 [Ressource électronique] / Pan vision. Ubi soft, 2002</marc:subfield>
    </marc:datafield>
    <marc:datafield tag="856" ind1=" " ind2=" ">
      <marc:subfield code="u">http://corporate.panvision.com/start.html</marc:subfield>
      <marc:subfield code="e">2003-04-04</marc:subfield>
    </marc:datafield>
  </marc:record>