
  <marc:record>
    <marc:leader>00774cx  b2200217   4500</marc:leader>
    <marc:controlfield tag="001">FRBNF140332082</marc:controlfield>
    <marc:controlfield tag="003">http://catalogue.bnf.fr/ark:/12148/cb14033208c</marc:controlfield>
    <marc:controlfield tag="005">20091224</marc:controlfield>
    <marc:datafield tag="100" ind1=" " ind2=" ">
      <marc:subfield code="a">20000727afrey50      ba0</marc:subfield>
    </marc:datafield>
    <marc:datafield tag="102" ind1=" " ind2=" ">
      <marc:subfield code="a">FR</marc:subfield>
    </marc:datafield>
    <marc:datafield tag="103" ind1=" " ind2=" ">
      <marc:subfield code="a"> 199908             </marc:subfield>
    </marc:datafield>
    <marc:datafield tag="105" ind1=" " ind2=" ">
      <marc:subfield code="a">a</marc:subfield>
      <marc:subfield code="c">e</marc:subfield>
      <marc:subfield code="c">d</marc:subfield>
      <marc:subfield code="c">a</marc:subfield>
      <marc:subfield code="d">h</marc:subfield>
      <marc:subfield code="d">r</marc:subfield>
      <marc:subfield code="c">p</marc:subfield>
    </marc:datafield>
    <marc:datafield tag="106" ind1=" " ind2=" ">
      <marc:subfield code="a">1  </marc:subfield>
    </marc:datafield>
    <marc:datafield tag="150" ind1=" " ind2=" ">
      <marc:subfield code="a">y</marc:subfield>
      <marc:subfield code="b">b6  </marc:subfield>
    </marc:datafield>
    <marc:datafield tag="210" ind1=" " ind2=" ">
      <marc:subfield code="7">ba0yba0y</marc:subfield>
      <marc:subfield code="8">fre   </marc:subfield>
      <marc:subfield code="9">20 </marc:subfield>
      <marc:subfield code="a">Universal pictures vidéo France SA</marc:subfield>
    </marc:datafield>
    <marc:datafield tag="300" ind1="0" ind2=" ">
      <marc:subfield code="a">Remplace Polygram vidéo en août 1999</marc:subfield>
    </marc:datafield>
    <marc:datafield tag="303" ind1=" " ind2=" ">
      <marc:subfield code="a">20 rue Hamelin, 75016 Paris</marc:subfield>
    </marc:datafield>
    <marc:datafield tag="303" ind1=" " ind2=" ">
      <marc:subfield code="a">Ancienne adresse : avenue Maurice-Ravel, BP 104, 92164 Antony Cedex</marc:subfield>
    </marc:datafield>
    <marc:datafield tag="510" ind1=" " ind2=" ">
      <marc:subfield code="5">a</marc:subfield>
      <marc:subfield code="0">Avant août 1999, voir</marc:subfield>
      <marc:subfield code="3">13889663</marc:subfield>
      <marc:subfield code="7">ba0yba0y</marc:subfield>
      <marc:subfield code="8">fre   </marc:subfield>
      <marc:subfield code="9">20 </marc:subfield>
      <marc:subfield code="a">Polygram vidéo</marc:subfield>
    </marc:datafield>
    <marc:datafield tag="801" ind1=" " ind2=" ">
      <marc:subfield code="a">FR</marc:subfield>
      <marc:subfield code="b">FR-751131015</marc:subfield>
      <marc:subfield code="c">20091224</marc:subfield>
    </marc:datafield>
    <marc:datafield tag="810" ind1=" " ind2=" ">
      <marc:subfield code="a">Kapital New York city. Universal pictures vidéo, 2002</marc:subfield>
    </marc:datafield>
  </marc:record>