
  <marc:record>
    <marc:leader>01690cx  l2200361   4500</marc:leader>
    <marc:controlfield tag="001">FRBNF11980577X</marc:controlfield>
    <marc:controlfield tag="003">http://catalogue.bnf.fr/ark:/12148/cb11980577g</marc:controlfield>
    <marc:controlfield tag="005">20160602</marc:controlfield>
    <marc:datafield tag="039" ind1=" " ind2=" ">
      <marc:subfield code="o">OPL</marc:subfield>
      <marc:subfield code="a">002184086</marc:subfield>
    </marc:datafield>
    <marc:datafield tag="100" ind1=" " ind2=" ">
      <marc:subfield code="a">19850707afrey50      ba0</marc:subfield>
    </marc:datafield>
    <marc:datafield tag="106" ind1=" " ind2=" ">
      <marc:subfield code="a">211</marc:subfield>
    </marc:datafield>
    <marc:datafield tag="152" ind1=" " ind2=" ">
      <marc:subfield code="b">rameau</marc:subfield>
      <marc:subfield code="c">2</marc:subfield>
    </marc:datafield>
    <marc:datafield tag="180" ind1=" " ind2=" ">
      <marc:subfield code="a">b</marc:subfield>
    </marc:datafield>
    <marc:datafield tag="280" ind1=" " ind2="0">
      <marc:subfield code="7">ba0yba0y</marc:subfield>
      <marc:subfield code="8">fre   </marc:subfield>
      <marc:subfield code="a">Films d'horreur</marc:subfield>
    </marc:datafield>
    <marc:datafield tag="480" ind1=" " ind2="0">
      <marc:subfield code="7">ba0yba0y</marc:subfield>
      <marc:subfield code="8">fre   </marc:subfield>
      <marc:subfield code="a">Cinéma d'horreur</marc:subfield>
    </marc:datafield>
    <marc:datafield tag="480" ind1=" " ind2="0">
      <marc:subfield code="7">ba0yba0y</marc:subfield>
      <marc:subfield code="8">fre   </marc:subfield>
      <marc:subfield code="a">Films d'épouvante</marc:subfield>
    </marc:datafield>
    <marc:datafield tag="480" ind1=" " ind2="0">
      <marc:subfield code="7">ba0yba0y</marc:subfield>
      <marc:subfield code="8">fre   </marc:subfield>
      <marc:subfield code="9">  2</marc:subfield>
      <marc:subfield code="a">Films de monstres</marc:subfield>
    </marc:datafield>
    <marc:datafield tag="480" ind1=" " ind2="0">
      <marc:subfield code="7">ba0yba0y</marc:subfield>
      <marc:subfield code="8">fre   </marc:subfield>
      <marc:subfield code="a">Films de terreur</marc:subfield>
    </marc:datafield>
    <marc:datafield tag="480" ind1=" " ind2="0">
      <marc:subfield code="7">ba0yba0y</marc:subfield>
      <marc:subfield code="8">fre   </marc:subfield>
      <marc:subfield code="a">Horreur</marc:subfield>
      <marc:subfield code="x">Films</marc:subfield>
    </marc:datafield>
    <marc:datafield tag="480" ind1=" " ind2="0">
      <marc:subfield code="7">ba0yba0y</marc:subfield>
      <marc:subfield code="8">fre   </marc:subfield>
      <marc:subfield code="a">Monstres</marc:subfield>
      <marc:subfield code="x">Films</marc:subfield>
    </marc:datafield>
    <marc:datafield tag="550" ind1=" " ind2=" ">
      <marc:subfield code="5">z</marc:subfield>
      <marc:subfield code="0">Voir aussi</marc:subfield>
      <marc:subfield code="3">12249836</marc:subfield>
      <marc:subfield code="7">ba0yba0y</marc:subfield>
      <marc:subfield code="8">fre   </marc:subfield>
      <marc:subfield code="a">Horreur</marc:subfield>
    </marc:datafield>
    <marc:datafield tag="550" ind1=" " ind2=" ">
      <marc:subfield code="5">z</marc:subfield>
      <marc:subfield code="0">Voir aussi</marc:subfield>
      <marc:subfield code="3">11963348</marc:subfield>
      <marc:subfield code="7">ba0yba0y</marc:subfield>
      <marc:subfield code="8">fre   </marc:subfield>
      <marc:subfield code="a">Monstres</marc:subfield>
    </marc:datafield>
    <marc:datafield tag="580" ind1=" " ind2="0">
      <marc:subfield code="5">h</marc:subfield>
      <marc:subfield code="3">11931407</marc:subfield>
      <marc:subfield code="7">ba0yba0y</marc:subfield>
      <marc:subfield code="8">fre   </marc:subfield>
      <marc:subfield code="a">Films de vampires</marc:subfield>
    </marc:datafield>
    <marc:datafield tag="580" ind1=" " ind2="0">
      <marc:subfield code="5">h</marc:subfield>
      <marc:subfield code="3">13747837</marc:subfield>
      <marc:subfield code="7">ba0yba0y</marc:subfield>
      <marc:subfield code="8">fre   </marc:subfield>
      <marc:subfield code="a">Films de zombis</marc:subfield>
    </marc:datafield>
    <marc:datafield tag="580" ind1=" " ind2="0">
      <marc:subfield code="5">h</marc:subfield>
      <marc:subfield code="3">17050234</marc:subfield>
      <marc:subfield code="7">ba0yba0y</marc:subfield>
      <marc:subfield code="8">fre   </marc:subfield>
      <marc:subfield code="a">Films gore</marc:subfield>
    </marc:datafield>
    <marc:datafield tag="580" ind1=" " ind2="0">
      <marc:subfield code="5">h</marc:subfield>
      <marc:subfield code="3">16945332</marc:subfield>
      <marc:subfield code="7">ba0yba0y</marc:subfield>
      <marc:subfield code="8">fre   </marc:subfield>
      <marc:subfield code="a">Slashers</marc:subfield>
    </marc:datafield>
    <marc:datafield tag="580" ind1=" " ind2="0">
      <marc:subfield code="5">g</marc:subfield>
      <marc:subfield code="3">16242273</marc:subfield>
      <marc:subfield code="7">ba0yba0y</marc:subfield>
      <marc:subfield code="8">fre   </marc:subfield>
      <marc:subfield code="a">Films de fiction</marc:subfield>
    </marc:datafield>
    <marc:datafield tag="686" ind1=" " ind2=" ">
      <marc:subfield code="a">791</marc:subfield>
      <marc:subfield code="c">Audiovisuel</marc:subfield>
      <marc:subfield code="2">Note de regroupement par domaine</marc:subfield>
    </marc:datafield>
    <marc:datafield tag="801" ind1=" " ind2=" ">
      <marc:subfield code="a">FR</marc:subfield>
      <marc:subfield code="b">FR-751131015</marc:subfield>
      <marc:subfield code="c">20160602</marc:subfield>
    </marc:datafield>
    <marc:datafield tag="810" ind1=" " ind2=" ">
      <marc:subfield code="a">L'art de faire peur : des récits légendaires aux films d'horreur / M. Roberge, 2004</marc:subfield>
      <marc:subfield code="a">Dict. du cinéma / J.-L. Passek, 1991 (art. : Karloff, William Henry Pratt, dit Boris)</marc:subfield>
    </marc:datafield>
    <marc:datafield tag="822" ind1="1" ind2="2">
      <marc:subfield code="a">Films d'horreur</marc:subfield>
      <marc:subfield code="2">RVMLaval</marc:subfield>
      <marc:subfield code="d">2016-06-02</marc:subfield>
    </marc:datafield>
    <marc:datafield tag="822" ind1="1" ind2=" ">
      <marc:subfield code="a">Horror films</marc:subfield>
      <marc:subfield code="2">LCSH</marc:subfield>
      <marc:subfield code="u">http://id.loc.gov/authorities/subjects/sh85062077</marc:subfield>
      <marc:subfield code="d">2017-02-09</marc:subfield>
    </marc:datafield>
    <marc:datafield tag="822" ind1="1" ind2=" ">
      <marc:subfield code="a">Monster films</marc:subfield>
      <marc:subfield code="2">LCSH</marc:subfield>
      <marc:subfield code="u">http://id.loc.gov/authorities/subjects/sh2007008609</marc:subfield>
      <marc:subfield code="d">2017-02-09</marc:subfield>
    </marc:datafield>
  </marc:record>