
  <marc:record>
    <marc:leader>01536cx  l2200289   4500</marc:leader>
    <marc:controlfield tag="001">FRBNF165553836</marc:controlfield>
    <marc:controlfield tag="003">http://catalogue.bnf.fr/ark:/12148/cb16555383f</marc:controlfield>
    <marc:controlfield tag="005">20140320</marc:controlfield>
    <marc:datafield tag="100" ind1=" " ind2=" ">
      <marc:subfield code="a">20111205afrey50      ba0</marc:subfield>
    </marc:datafield>
    <marc:datafield tag="106" ind1=" " ind2=" ">
      <marc:subfield code="a">211</marc:subfield>
    </marc:datafield>
    <marc:datafield tag="152" ind1=" " ind2=" ">
      <marc:subfield code="b">rameau</marc:subfield>
      <marc:subfield code="c">2</marc:subfield>
    </marc:datafield>
    <marc:datafield tag="180" ind1=" " ind2=" ">
      <marc:subfield code="a">b</marc:subfield>
    </marc:datafield>
    <marc:datafield tag="280" ind1=" " ind2="0">
      <marc:subfield code="7">ba0yba0y</marc:subfield>
      <marc:subfield code="8">fre   </marc:subfield>
      <marc:subfield code="a">Bandes dessinées fantastiques</marc:subfield>
    </marc:datafield>
    <marc:datafield tag="330" ind1=" " ind2=" ">
      <marc:subfield code="a">Sous cette vedette, on trouve les recueils ou albums isolés de bande dessinée fantastique</marc:subfield>
    </marc:datafield>
    <marc:datafield tag="480" ind1=" " ind2="0">
      <marc:subfield code="7">ba0yba0y</marc:subfield>
      <marc:subfield code="8">fre   </marc:subfield>
      <marc:subfield code="a">Fantastique</marc:subfield>
      <marc:subfield code="x">Bandes dessinées</marc:subfield>
    </marc:datafield>
    <marc:datafield tag="550" ind1=" " ind2=" ">
      <marc:subfield code="5">g</marc:subfield>
      <marc:subfield code="3">11940620</marc:subfield>
      <marc:subfield code="7">ba0yba0y</marc:subfield>
      <marc:subfield code="8">fre   </marc:subfield>
      <marc:subfield code="a">Art fantastique</marc:subfield>
    </marc:datafield>
    <marc:datafield tag="580" ind1=" " ind2="0">
      <marc:subfield code="5">z</marc:subfield>
      <marc:subfield code="0">Voir aussi</marc:subfield>
      <marc:subfield code="3">16742576</marc:subfield>
      <marc:subfield code="7">ba0yba0y</marc:subfield>
      <marc:subfield code="8">fre   </marc:subfield>
      <marc:subfield code="a">Bandes dessinées de fantasy</marc:subfield>
    </marc:datafield>
    <marc:datafield tag="580" ind1=" " ind2="0">
      <marc:subfield code="5">g</marc:subfield>
      <marc:subfield code="3">11931019</marc:subfield>
      <marc:subfield code="7">ba0yba0y</marc:subfield>
      <marc:subfield code="8">fre   </marc:subfield>
      <marc:subfield code="a">Bandes dessinées</marc:subfield>
    </marc:datafield>
    <marc:datafield tag="580" ind1=" " ind2="0">
      <marc:subfield code="5">g</marc:subfield>
      <marc:subfield code="3">11952413</marc:subfield>
      <marc:subfield code="7">ba0yba0y</marc:subfield>
      <marc:subfield code="8">fre   </marc:subfield>
      <marc:subfield code="a">Littérature fantastique</marc:subfield>
    </marc:datafield>
    <marc:datafield tag="686" ind1=" " ind2=" ">
      <marc:subfield code="a">740</marc:subfield>
      <marc:subfield code="c">Dessin, arts décoratifs, artisanat d'art</marc:subfield>
      <marc:subfield code="2">Note de regroupement par domaine</marc:subfield>
    </marc:datafield>
    <marc:datafield tag="686" ind1=" " ind2=" ">
      <marc:subfield code="a">801</marc:subfield>
      <marc:subfield code="c">Poésie</marc:subfield>
      <marc:subfield code="2">Note de regroupement par domaine</marc:subfield>
    </marc:datafield>
    <marc:datafield tag="801" ind1=" " ind2=" ">
      <marc:subfield code="a">FR</marc:subfield>
      <marc:subfield code="b">FR-751131015</marc:subfield>
      <marc:subfield code="c">20140320</marc:subfield>
    </marc:datafield>
    <marc:datafield tag="810" ind1=" " ind2=" ">
      <marc:subfield code="a">Encycl. universalis (art. : Bande dessinée) - http://www.universalis-edu.com (2014-03-20)</marc:subfield>
    </marc:datafield>
    <marc:datafield tag="810" ind1=" " ind2=" ">
      <marc:subfield code="a">Dict. encyclopédique des héros et auteurs de BD. 3 / H. Filippini, 1998</marc:subfield>
      <marc:subfield code="a">La bande dessinée fantastique à la lumière de l'anthropologie religieuse / K. Heller, 1998</marc:subfield>
    </marc:datafield>
    <marc:datafield tag="822" ind1="1" ind2="2">
      <marc:subfield code="a">Bandes dessinées fantastiques</marc:subfield>
      <marc:subfield code="2">RVMLaval</marc:subfield>
      <marc:subfield code="d">2014-03-20</marc:subfield>
    </marc:datafield>
    <marc:datafield tag="822" ind1="1" ind2=" ">
      <marc:subfield code="a">Fantasy comic books, strips, etc.</marc:subfield>
      <marc:subfield code="2">LCSH</marc:subfield>
      <marc:subfield code="u">http://id.loc.gov/authorities/subjects/sh97000542</marc:subfield>
      <marc:subfield code="d">2017-02-09</marc:subfield>
    </marc:datafield>
    <marc:datafield tag="856" ind1=" " ind2=" ">
      <marc:subfield code="u">http://www.universalis-edu.com</marc:subfield>
      <marc:subfield code="e">2014-03-20</marc:subfield>
    </marc:datafield>
  </marc:record>