
  <marc:record>
    <marc:leader>01425cx  l2200277   4500</marc:leader>
    <marc:controlfield tag="001">FRBNF178630115</marc:controlfield>
    <marc:controlfield tag="003">http://catalogue.bnf.fr/ark:/12148/cb178630114</marc:controlfield>
    <marc:controlfield tag="005">20220524</marc:controlfield>
    <marc:datafield tag="100" ind1=" " ind2=" ">
      <marc:subfield code="a">20200123afrey50      ba0</marc:subfield>
    </marc:datafield>
    <marc:datafield tag="106" ind1=" " ind2=" ">
      <marc:subfield code="a">211</marc:subfield>
    </marc:datafield>
    <marc:datafield tag="152" ind1=" " ind2=" ">
      <marc:subfield code="b">rameau</marc:subfield>
      <marc:subfield code="c">2</marc:subfield>
    </marc:datafield>
    <marc:datafield tag="180" ind1=" " ind2=" ">
      <marc:subfield code="a">b</marc:subfield>
    </marc:datafield>
    <marc:datafield tag="280" ind1=" " ind2="0">
      <marc:subfield code="7">ba0yba0y</marc:subfield>
      <marc:subfield code="8">fre   </marc:subfield>
      <marc:subfield code="a">Roman fantastique</marc:subfield>
    </marc:datafield>
    <marc:datafield tag="300" ind1="1" ind2=" ">
      <marc:subfield code="a">Sous cette vedette, on trouve les recueils de romans fantastiques de divers pays ou en diverses langues</marc:subfield>
    </marc:datafield>
    <marc:datafield tag="305" ind1="1" ind2=" ">
      <marc:subfield code="a">Voir aussi les vedettes du type Roman fantastique [adjectif de langue, de nationalité ou géographique]</marc:subfield>
    </marc:datafield>
    <marc:datafield tag="480" ind1=" " ind2="0">
      <marc:subfield code="7">ba0yba0y</marc:subfield>
      <marc:subfield code="8">fre   </marc:subfield>
      <marc:subfield code="a">Fantastique, Roman</marc:subfield>
    </marc:datafield>
    <marc:datafield tag="580" ind1=" " ind2="0">
      <marc:subfield code="5">h</marc:subfield>
      <marc:subfield code="3">18011246</marc:subfield>
      <marc:subfield code="7">ba0yba0y</marc:subfield>
      <marc:subfield code="8">fre   </marc:subfield>
      <marc:subfield code="a">Roman fantastique pour la jeunesse</marc:subfield>
    </marc:datafield>
    <marc:datafield tag="580" ind1=" " ind2="0">
      <marc:subfield code="5">g</marc:subfield>
      <marc:subfield code="3">11952413</marc:subfield>
      <marc:subfield code="7">ba0yba0y</marc:subfield>
      <marc:subfield code="8">fre   </marc:subfield>
      <marc:subfield code="a">Littérature fantastique</marc:subfield>
    </marc:datafield>
    <marc:datafield tag="580" ind1=" " ind2="0">
      <marc:subfield code="5">g</marc:subfield>
      <marc:subfield code="3">11940505</marc:subfield>
      <marc:subfield code="7">ba0yba0y</marc:subfield>
      <marc:subfield code="8">fre   </marc:subfield>
      <marc:subfield code="a">Roman</marc:subfield>
    </marc:datafield>
    <marc:datafield tag="686" ind1=" " ind2=" ">
      <marc:subfield code="a">801</marc:subfield>
      <marc:subfield code="c">Poésie</marc:subfield>
      <marc:subfield code="2">Note de regroupement par domaine</marc:subfield>
    </marc:datafield>
    <marc:datafield tag="801" ind1=" " ind2=" ">
      <marc:subfield code="a">FR</marc:subfield>
      <marc:subfield code="b">FR-751131015</marc:subfield>
      <marc:subfield code="c">20220524</marc:subfield>
    </marc:datafield>
    <marc:datafield tag="810" ind1=" " ind2=" ">
      <marc:subfield code="a">Trésor de la langue française (art. : Fantastique) - http://atilf.atilf.fr (2020-01-27)</marc:subfield>
    </marc:datafield>
    <marc:datafield tag="810" ind1=" " ind2=" ">
      <marc:subfield code="a">Le dict. du littéraire / P. Aron, D. Saint-Jacques, A. Viala, 2012 (art. : Science-fiction)</marc:subfield>
      <marc:subfield code="a">Dict. universel des littératures / B. Didier, 1994 (art. : Science-fiction)</marc:subfield>
    </marc:datafield>
    <marc:datafield tag="822" ind1="1" ind2="5">
      <marc:subfield code="a">Fantasy</marc:subfield>
      <marc:subfield code="2">LCSH</marc:subfield>
      <marc:subfield code="u">http://id.loc.gov/authorities/childrensSubjects/sj2001010209</marc:subfield>
      <marc:subfield code="d">2022-05-24</marc:subfield>
    </marc:datafield>
    <marc:datafield tag="822" ind1="1" ind2="2">
      <marc:subfield code="a">Roman fantastique</marc:subfield>
      <marc:subfield code="2">RVMLaval</marc:subfield>
      <marc:subfield code="d">2022-05-24</marc:subfield>
    </marc:datafield>
    <marc:datafield tag="856" ind1=" " ind2=" ">
      <marc:subfield code="u">http://atilf.atilf.fr</marc:subfield>
      <marc:subfield code="e">2020-01-27</marc:subfield>
    </marc:datafield>
  </marc:record>