
  <marc:record>
    <marc:leader>23775cx  b2204693   4500</marc:leader>
    <marc:controlfield tag="001">FRBNF138904601</marc:controlfield>
    <marc:controlfield tag="003">http://catalogue.bnf.fr/ark:/12148/cb13890460s</marc:controlfield>
    <marc:controlfield tag="005">20181030</marc:controlfield>
    <marc:datafield tag="039" ind1=" " ind2=" ">
      <marc:subfield code="o">OPL</marc:subfield>
      <marc:subfield code="a">014006967</marc:subfield>
    </marc:datafield>
    <marc:datafield tag="039" ind1=" " ind2=" ">
      <marc:subfield code="o">OPP</marc:subfield>
      <marc:subfield code="a">13341658</marc:subfield>
      <marc:subfield code="d">20090220</marc:subfield>
    </marc:datafield>
    <marc:datafield tag="100" ind1=" " ind2=" ">
      <marc:subfield code="a">19890601afrey50      ba0</marc:subfield>
    </marc:datafield>
    <marc:datafield tag="102" ind1=" " ind2=" ">
      <marc:subfield code="a">FR</marc:subfield>
    </marc:datafield>
    <marc:datafield tag="105" ind1=" " ind2=" ">
      <marc:subfield code="c">e</marc:subfield>
      <marc:subfield code="c">d</marc:subfield>
      <marc:subfield code="d">g</marc:subfield>
      <marc:subfield code="d">h</marc:subfield>
    </marc:datafield>
    <marc:datafield tag="106" ind1=" " ind2=" ">
      <marc:subfield code="a">010</marc:subfield>
    </marc:datafield>
    <marc:datafield tag="150" ind1=" " ind2=" ">
      <marc:subfield code="a">y</marc:subfield>
      <marc:subfield code="b">c9  </marc:subfield>
    </marc:datafield>
    <marc:datafield tag="210" ind1=" " ind2=" ">
      <marc:subfield code="7">ba0yba0y</marc:subfield>
      <marc:subfield code="8">fre   </marc:subfield>
      <marc:subfield code="9"> 0 </marc:subfield>
      <marc:subfield code="a">Warner music France</marc:subfield>
    </marc:datafield>
    <marc:datafield tag="300" ind1=" " ind2=" ">
      <marc:subfield code="a">Ancienne adresse : (19..-2001) 102 av. du Président-Kennedy, 75016 Paris. Tél. 01.44.30.40.00. Fax 01.44.30.40.50</marc:subfield>
    </marc:datafield>
    <marc:datafield tag="303" ind1=" " ind2=" ">
      <marc:subfield code="a">29 av. Mac-Mahon, 75809 Paris cedex 17</marc:subfield>
    </marc:datafield>
    <marc:datafield tag="510" ind1=" " ind2=" ">
      <marc:subfield code="5">z</marc:subfield>
      <marc:subfield code="0">Voir aussi</marc:subfield>
      <marc:subfield code="3">14054581</marc:subfield>
      <marc:subfield code="7">ba0yba0y</marc:subfield>
      <marc:subfield code="8">fre   </marc:subfield>
      <marc:subfield code="9">20 </marc:subfield>
      <marc:subfield code="a">Warner jazz</marc:subfield>
    </marc:datafield>
    <marc:datafield tag="516" ind1=" " ind2=" ">
      <marc:subfield code="5">z</marc:subfield>
      <marc:subfield code="0">A distribué : </marc:subfield>
      <marc:subfield code="3">13876334</marc:subfield>
      <marc:subfield code="7">ba0yba0y</marc:subfield>
      <marc:subfield code="8">fre   </marc:subfield>
      <marc:subfield code="a">MCA</marc:subfield>
    </marc:datafield>
    <marc:datafield tag="516" ind1=" " ind2=" ">
      <marc:subfield code="5">z</marc:subfield>
      <marc:subfield code="0">A distribué : </marc:subfield>
      <marc:subfield code="3">13875506</marc:subfield>
      <marc:subfield code="7">ba0yba0y</marc:subfield>
      <marc:subfield code="8">fre   </marc:subfield>
      <marc:subfield code="a">Franceval</marc:subfield>
    </marc:datafield>
    <marc:datafield tag="516" ind1=" " ind2=" ">
      <marc:subfield code="5">z</marc:subfield>
      <marc:subfield code="0">A distribué : </marc:subfield>
      <marc:subfield code="3">13878144</marc:subfield>
      <marc:subfield code="7">ba0yba0y</marc:subfield>
      <marc:subfield code="8">fre   </marc:subfield>
      <marc:subfield code="a">Curb</marc:subfield>
    </marc:datafield>
    <marc:datafield tag="516" ind1=" " ind2=" ">
      <marc:subfield code="5">z</marc:subfield>
      <marc:subfield code="0">A distribué : </marc:subfield>
      <marc:subfield code="3">13875701</marc:subfield>
      <marc:subfield code="7">ba0yba0y</marc:subfield>
      <marc:subfield code="8">fre   </marc:subfield>
      <marc:subfield code="a">Hansa</marc:subfield>
    </marc:datafield>
    <marc:datafield tag="516" ind1=" " ind2=" ">
      <marc:subfield code="5">z</marc:subfield>
      <marc:subfield code="0">A distribué : </marc:subfield>
      <marc:subfield code="3">13850415</marc:subfield>
      <marc:subfield code="7">ba0yba0y</marc:subfield>
      <marc:subfield code="8">fre   </marc:subfield>
      <marc:subfield code="a">Bronze</marc:subfield>
    </marc:datafield>
    <marc:datafield tag="516" ind1=" " ind2=" ">
      <marc:subfield code="5">z</marc:subfield>
      <marc:subfield code="0">A distribué : </marc:subfield>
      <marc:subfield code="3">13875449</marc:subfield>
      <marc:subfield code="7">ba0yba0y</marc:subfield>
      <marc:subfield code="8">fre   </marc:subfield>
      <marc:subfield code="a">Flarenasch</marc:subfield>
    </marc:datafield>
    <marc:datafield tag="516" ind1=" " ind2=" ">
      <marc:subfield code="5">z</marc:subfield>
      <marc:subfield code="0">A édité et distribué : </marc:subfield>
      <marc:subfield code="3">13875579</marc:subfield>
      <marc:subfield code="7">ba0yba0y</marc:subfield>
      <marc:subfield code="8">fre   </marc:subfield>
      <marc:subfield code="a">Geffen</marc:subfield>
    </marc:datafield>
    <marc:datafield tag="516" ind1=" " ind2=" ">
      <marc:subfield code="5">z</marc:subfield>
      <marc:subfield code="0">Distribue : </marc:subfield>
      <marc:subfield code="3">15058385</marc:subfield>
      <marc:subfield code="7">ba0yba0y</marc:subfield>
      <marc:subfield code="8">fre   </marc:subfield>
      <marc:subfield code="a">Original Jazz Classics</marc:subfield>
    </marc:datafield>
    <marc:datafield tag="516" ind1=" " ind2=" ">
      <marc:subfield code="5">z</marc:subfield>
      <marc:subfield code="0">Edite et distribue : </marc:subfield>
      <marc:subfield code="3">13936800</marc:subfield>
      <marc:subfield code="a">Wea-Ztt</marc:subfield>
    </marc:datafield>
    <marc:datafield tag="516" ind1=" " ind2=" ">
      <marc:subfield code="5">z</marc:subfield>
      <marc:subfield code="0">Edite et distribue : </marc:subfield>
      <marc:subfield code="3">13878142</marc:subfield>
      <marc:subfield code="a">Warner Bros</marc:subfield>
    </marc:datafield>
    <marc:datafield tag="516" ind1=" " ind2=" ">
      <marc:subfield code="5">z</marc:subfield>
      <marc:subfield code="0">Edite et distribue : </marc:subfield>
      <marc:subfield code="3">13950242</marc:subfield>
      <marc:subfield code="a">Elektra-Chameleon</marc:subfield>
    </marc:datafield>
    <marc:datafield tag="516" ind1=" " ind2=" ">
      <marc:subfield code="5">z</marc:subfield>
      <marc:subfield code="0">Edite et distribue : </marc:subfield>
      <marc:subfield code="3">14001249</marc:subfield>
      <marc:subfield code="7">ba0yba0y</marc:subfield>
      <marc:subfield code="8">fre   </marc:subfield>
      <marc:subfield code="a">Tôt ou tard</marc:subfield>
    </marc:datafield>
    <marc:datafield tag="516" ind1=" " ind2=" ">
      <marc:subfield code="5">z</marc:subfield>
      <marc:subfield code="0">Edite et distribue : </marc:subfield>
      <marc:subfield code="3">14049502</marc:subfield>
      <marc:subfield code="a">Double F double R</marc:subfield>
    </marc:datafield>
    <marc:datafield tag="516" ind1=" " ind2=" ">
      <marc:subfield code="5">z</marc:subfield>
      <marc:subfield code="0">Edite et distribue : </marc:subfield>
      <marc:subfield code="3">13876190</marc:subfield>
      <marc:subfield code="a">Birdology</marc:subfield>
    </marc:datafield>
    <marc:datafield tag="516" ind1=" " ind2=" ">
      <marc:subfield code="5">z</marc:subfield>
      <marc:subfield code="0">Edite et distribue : </marc:subfield>
      <marc:subfield code="3">14044920</marc:subfield>
      <marc:subfield code="a">Birds &amp; blues records</marc:subfield>
    </marc:datafield>
    <marc:datafield tag="516" ind1=" " ind2=" ">
      <marc:subfield code="5">z</marc:subfield>
      <marc:subfield code="0">Edite et distribue : </marc:subfield>
      <marc:subfield code="3">13955124</marc:subfield>
      <marc:subfield code="a">WEA-Dune</marc:subfield>
    </marc:datafield>
    <marc:datafield tag="516" ind1=" " ind2=" ">
      <marc:subfield code="5">z</marc:subfield>
      <marc:subfield code="0">Edite et distribue : </marc:subfield>
      <marc:subfield code="3">13955532</marc:subfield>
      <marc:subfield code="a">Wea-Reprise</marc:subfield>
    </marc:datafield>
    <marc:datafield tag="516" ind1=" " ind2=" ">
      <marc:subfield code="5">z</marc:subfield>
      <marc:subfield code="0">Edite et distribue : </marc:subfield>
      <marc:subfield code="3">14047835</marc:subfield>
      <marc:subfield code="a">Warner strategic marketing France</marc:subfield>
    </marc:datafield>
    <marc:datafield tag="516" ind1=" " ind2=" ">
      <marc:subfield code="5">z</marc:subfield>
      <marc:subfield code="0">Edite et distribue : </marc:subfield>
      <marc:subfield code="3">13927042</marc:subfield>
      <marc:subfield code="a">Reprise-Duck</marc:subfield>
    </marc:datafield>
    <marc:datafield tag="516" ind1=" " ind2=" ">
      <marc:subfield code="5">z</marc:subfield>
      <marc:subfield code="0">Edite et distribue : </marc:subfield>
      <marc:subfield code="3">13875418</marc:subfield>
      <marc:subfield code="a">FFRR</marc:subfield>
    </marc:datafield>
    <marc:datafield tag="516" ind1=" " ind2=" ">
      <marc:subfield code="5">z</marc:subfield>
      <marc:subfield code="0">Edite et distribue : </marc:subfield>
      <marc:subfield code="3">13874911</marc:subfield>
      <marc:subfield code="a">Contemporary</marc:subfield>
    </marc:datafield>
    <marc:datafield tag="516" ind1=" " ind2=" ">
      <marc:subfield code="5">z</marc:subfield>
      <marc:subfield code="0">Edite et distribue : </marc:subfield>
      <marc:subfield code="3">13877056</marc:subfield>
      <marc:subfield code="a">Qwest</marc:subfield>
    </marc:datafield>
    <marc:datafield tag="516" ind1=" " ind2=" ">
      <marc:subfield code="5">z</marc:subfield>
      <marc:subfield code="0">Edite et distribue : </marc:subfield>
      <marc:subfield code="3">13957370</marc:subfield>
      <marc:subfield code="a">Wea-Laetitia</marc:subfield>
    </marc:datafield>
    <marc:datafield tag="516" ind1=" " ind2=" ">
      <marc:subfield code="5">z</marc:subfield>
      <marc:subfield code="0">Edite et distribue : </marc:subfield>
      <marc:subfield code="3">13875088</marc:subfield>
      <marc:subfield code="a">Wea-Bi Boon-M6</marc:subfield>
    </marc:datafield>
    <marc:datafield tag="516" ind1=" " ind2=" ">
      <marc:subfield code="5">z</marc:subfield>
      <marc:subfield code="0">Edite et distribue : </marc:subfield>
      <marc:subfield code="3">13931966</marc:subfield>
      <marc:subfield code="a">WEA-Cupecoy</marc:subfield>
    </marc:datafield>
    <marc:datafield tag="516" ind1=" " ind2=" ">
      <marc:subfield code="5">z</marc:subfield>
      <marc:subfield code="0">Edite et distribue : </marc:subfield>
      <marc:subfield code="3">13878153</marc:subfield>
      <marc:subfield code="a">WEA</marc:subfield>
    </marc:datafield>
    <marc:datafield tag="516" ind1=" " ind2=" ">
      <marc:subfield code="5">z</marc:subfield>
      <marc:subfield code="0">Edite et distribue : </marc:subfield>
      <marc:subfield code="3">13874579</marc:subfield>
      <marc:subfield code="7">ba0yba0y</marc:subfield>
      <marc:subfield code="8">fre   </marc:subfield>
      <marc:subfield code="a">Riverside</marc:subfield>
    </marc:datafield>
    <marc:datafield tag="516" ind1=" " ind2=" ">
      <marc:subfield code="5">z</marc:subfield>
      <marc:subfield code="0">Edite et distribue : </marc:subfield>
      <marc:subfield code="3">13933795</marc:subfield>
      <marc:subfield code="a">Warner Bros-Lone Wolf</marc:subfield>
    </marc:datafield>
    <marc:datafield tag="516" ind1=" " ind2=" ">
      <marc:subfield code="5">z</marc:subfield>
      <marc:subfield code="0">Edite et distribue : </marc:subfield>
      <marc:subfield code="3">13947010</marc:subfield>
      <marc:subfield code="a">WEA-Cabo Verde</marc:subfield>
    </marc:datafield>
    <marc:datafield tag="516" ind1=" " ind2=" ">
      <marc:subfield code="5">z</marc:subfield>
      <marc:subfield code="0">Edite et distribue : </marc:subfield>
      <marc:subfield code="3">13875243</marc:subfield>
      <marc:subfield code="a">Elektra</marc:subfield>
    </marc:datafield>
    <marc:datafield tag="516" ind1=" " ind2=" ">
      <marc:subfield code="5">z</marc:subfield>
      <marc:subfield code="0">Edite et distribue : </marc:subfield>
      <marc:subfield code="3">13876997</marc:subfield>
      <marc:subfield code="a">Prestige</marc:subfield>
    </marc:datafield>
    <marc:datafield tag="516" ind1=" " ind2=" ">
      <marc:subfield code="5">z</marc:subfield>
      <marc:subfield code="0">Edite et distribue : </marc:subfield>
      <marc:subfield code="3">13947285</marc:subfield>
      <marc:subfield code="a">WEA-Platform</marc:subfield>
    </marc:datafield>
    <marc:datafield tag="516" ind1=" " ind2=" ">
      <marc:subfield code="5">z</marc:subfield>
      <marc:subfield code="0">Edite et distribue : </marc:subfield>
      <marc:subfield code="3">13878151</marc:subfield>
      <marc:subfield code="a">Warner Bros-Paisley Park</marc:subfield>
    </marc:datafield>
    <marc:datafield tag="516" ind1=" " ind2=" ">
      <marc:subfield code="5">z</marc:subfield>
      <marc:subfield code="0">Edite et distribue : </marc:subfield>
      <marc:subfield code="3">13873957</marc:subfield>
      <marc:subfield code="a">Sire-Maverick</marc:subfield>
    </marc:datafield>
    <marc:datafield tag="516" ind1=" " ind2=" ">
      <marc:subfield code="5">z</marc:subfield>
      <marc:subfield code="0">Edite et distribue : </marc:subfield>
      <marc:subfield code="3">13873972</marc:subfield>
      <marc:subfield code="a">Maverick</marc:subfield>
    </marc:datafield>
    <marc:datafield tag="516" ind1=" " ind2=" ">
      <marc:subfield code="5">z</marc:subfield>
      <marc:subfield code="0">Edite et distribue : </marc:subfield>
      <marc:subfield code="3">13927106</marc:subfield>
      <marc:subfield code="7">ba0yba0y</marc:subfield>
      <marc:subfield code="8">fre   </marc:subfield>
      <marc:subfield code="a">Reprise</marc:subfield>
    </marc:datafield>
    <marc:datafield tag="516" ind1=" " ind2=" ">
      <marc:subfield code="5">z</marc:subfield>
      <marc:subfield code="0">Edite et distribue : </marc:subfield>
      <marc:subfield code="3">13878242</marc:subfield>
      <marc:subfield code="a">ZTT</marc:subfield>
    </marc:datafield>
    <marc:datafield tag="516" ind1=" " ind2=" ">
      <marc:subfield code="5">z</marc:subfield>
      <marc:subfield code="0">Édite : </marc:subfield>
      <marc:subfield code="3">13875192</marc:subfield>
      <marc:subfield code="a">East West</marc:subfield>
    </marc:datafield>
    <marc:datafield tag="516" ind1=" " ind2=" ">
      <marc:subfield code="5">z</marc:subfield>
      <marc:subfield code="0">Edite et distribue : </marc:subfield>
      <marc:subfield code="3">13927026</marc:subfield>
      <marc:subfield code="a">Warner Bros-Sire</marc:subfield>
    </marc:datafield>
    <marc:datafield tag="516" ind1=" " ind2=" ">
      <marc:subfield code="5">z</marc:subfield>
      <marc:subfield code="0">Edite et distribue : </marc:subfield>
      <marc:subfield code="3">13950165</marc:subfield>
      <marc:subfield code="a">WEA-Saban</marc:subfield>
    </marc:datafield>
    <marc:datafield tag="516" ind1=" " ind2=" ">
      <marc:subfield code="5">z</marc:subfield>
      <marc:subfield code="0">Edite et distribue : </marc:subfield>
      <marc:subfield code="3">13950166</marc:subfield>
      <marc:subfield code="a">WEA-Celine</marc:subfield>
    </marc:datafield>
    <marc:datafield tag="516" ind1=" " ind2=" ">
      <marc:subfield code="5">z</marc:subfield>
      <marc:subfield code="0">Edite et distribue : </marc:subfield>
      <marc:subfield code="3">13950167</marc:subfield>
      <marc:subfield code="a">WEA-Posso</marc:subfield>
    </marc:datafield>
    <marc:datafield tag="516" ind1=" " ind2=" ">
      <marc:subfield code="5">z</marc:subfield>
      <marc:subfield code="0">Edite et distribue : </marc:subfield>
      <marc:subfield code="3">13877436</marc:subfield>
      <marc:subfield code="a">Sire</marc:subfield>
    </marc:datafield>
    <marc:datafield tag="516" ind1=" " ind2=" ">
      <marc:subfield code="5">z</marc:subfield>
      <marc:subfield code="0">Edite et distribue : </marc:subfield>
      <marc:subfield code="3">13950634</marc:subfield>
      <marc:subfield code="a">WEA-Acdjr</marc:subfield>
    </marc:datafield>
    <marc:datafield tag="516" ind1=" " ind2=" ">
      <marc:subfield code="5">z</marc:subfield>
      <marc:subfield code="0">Edite et distribue : </marc:subfield>
      <marc:subfield code="3">13951658</marc:subfield>
      <marc:subfield code="a">WEA-Rozon</marc:subfield>
    </marc:datafield>
    <marc:datafield tag="516" ind1=" " ind2=" ">
      <marc:subfield code="5">z</marc:subfield>
      <marc:subfield code="0">Edite et distribue : </marc:subfield>
      <marc:subfield code="3">13874707</marc:subfield>
      <marc:subfield code="a">CGD</marc:subfield>
    </marc:datafield>
    <marc:datafield tag="516" ind1=" " ind2=" ">
      <marc:subfield code="5">z</marc:subfield>
      <marc:subfield code="0">Édite : </marc:subfield>
      <marc:subfield code="3">13873765</marc:subfield>
      <marc:subfield code="a">Atco</marc:subfield>
    </marc:datafield>
    <marc:datafield tag="516" ind1=" " ind2=" ">
      <marc:subfield code="5">z</marc:subfield>
      <marc:subfield code="0">Edite et distribue : </marc:subfield>
      <marc:subfield code="3">13949540</marc:subfield>
      <marc:subfield code="a">Warner Bros-Loka</marc:subfield>
    </marc:datafield>
    <marc:datafield tag="516" ind1=" " ind2=" ">
      <marc:subfield code="5">z</marc:subfield>
      <marc:subfield code="0">Edite et distribue : </marc:subfield>
      <marc:subfield code="3">13955533</marc:subfield>
      <marc:subfield code="a">Wea-Azimuth</marc:subfield>
    </marc:datafield>
    <marc:datafield tag="516" ind1=" " ind2=" ">
      <marc:subfield code="5">z</marc:subfield>
      <marc:subfield code="0">Edite et distribue : </marc:subfield>
      <marc:subfield code="3">13955535</marc:subfield>
      <marc:subfield code="a">WEA-Royal River</marc:subfield>
    </marc:datafield>
    <marc:datafield tag="516" ind1=" " ind2=" ">
      <marc:subfield code="5">z</marc:subfield>
      <marc:subfield code="0">Edite et distribue : </marc:subfield>
      <marc:subfield code="3">13876775</marc:subfield>
      <marc:subfield code="a">Pablo</marc:subfield>
    </marc:datafield>
    <marc:datafield tag="516" ind1=" " ind2=" ">
      <marc:subfield code="5">z</marc:subfield>
      <marc:subfield code="0">Edite et distribue : </marc:subfield>
      <marc:subfield code="3">13873762</marc:subfield>
      <marc:subfield code="a">Asylum records</marc:subfield>
    </marc:datafield>
    <marc:datafield tag="516" ind1=" " ind2=" ">
      <marc:subfield code="5">z</marc:subfield>
      <marc:subfield code="0">Edite et distribue : </marc:subfield>
      <marc:subfield code="3">13875651</marc:subfield>
      <marc:subfield code="a">WEA-Kondo</marc:subfield>
    </marc:datafield>
    <marc:datafield tag="516" ind1=" " ind2=" ">
      <marc:subfield code="5">z</marc:subfield>
      <marc:subfield code="0">Edite et distribue : </marc:subfield>
      <marc:subfield code="3">13874943</marc:subfield>
      <marc:subfield code="a">WEA-VK Productions &amp; Major Chord</marc:subfield>
    </marc:datafield>
    <marc:datafield tag="516" ind1=" " ind2=" ">
      <marc:subfield code="5">z</marc:subfield>
      <marc:subfield code="0">Edite et distribue : </marc:subfield>
      <marc:subfield code="3">13876131</marc:subfield>
      <marc:subfield code="a">WEA-Sol en si</marc:subfield>
    </marc:datafield>
    <marc:datafield tag="516" ind1=" " ind2=" ">
      <marc:subfield code="5">z</marc:subfield>
      <marc:subfield code="0">Edite et distribue : </marc:subfield>
      <marc:subfield code="3">13876135</marc:subfield>
      <marc:subfield code="a">WEA-Tommy Boy</marc:subfield>
    </marc:datafield>
    <marc:datafield tag="516" ind1=" " ind2=" ">
      <marc:subfield code="5">z</marc:subfield>
      <marc:subfield code="0">Edite et distribue : </marc:subfield>
      <marc:subfield code="3">13875510</marc:subfield>
      <marc:subfield code="a">WEA-Nice fellow-WB</marc:subfield>
    </marc:datafield>
    <marc:datafield tag="516" ind1=" " ind2=" ">
      <marc:subfield code="5">z</marc:subfield>
      <marc:subfield code="0">Edite et distribue : </marc:subfield>
      <marc:subfield code="3">13876306</marc:subfield>
      <marc:subfield code="a">WEA-Warner Bros</marc:subfield>
    </marc:datafield>
    <marc:datafield tag="516" ind1=" " ind2=" ">
      <marc:subfield code="5">z</marc:subfield>
      <marc:subfield code="0">Edite et distribue : </marc:subfield>
      <marc:subfield code="3">13876276</marc:subfield>
      <marc:subfield code="a">Wea-Productions Célébrités</marc:subfield>
    </marc:datafield>
    <marc:datafield tag="516" ind1=" " ind2=" ">
      <marc:subfield code="5">z</marc:subfield>
      <marc:subfield code="0">Edite et distribue : </marc:subfield>
      <marc:subfield code="3">13957371</marc:subfield>
      <marc:subfield code="a">Wea-Telegram</marc:subfield>
    </marc:datafield>
    <marc:datafield tag="516" ind1=" " ind2=" ">
      <marc:subfield code="5">z</marc:subfield>
      <marc:subfield code="0">Edite et distribue : </marc:subfield>
      <marc:subfield code="3">13876074</marc:subfield>
      <marc:subfield code="a">WEA-Gilbert Coullier</marc:subfield>
    </marc:datafield>
    <marc:datafield tag="516" ind1=" " ind2=" ">
      <marc:subfield code="5">z</marc:subfield>
      <marc:subfield code="0">Edite et distribue : </marc:subfield>
      <marc:subfield code="3">13877595</marc:subfield>
      <marc:subfield code="a">MEPS</marc:subfield>
    </marc:datafield>
    <marc:datafield tag="516" ind1=" " ind2=" ">
      <marc:subfield code="5">z</marc:subfield>
      <marc:subfield code="0">Edite et distribue : </marc:subfield>
      <marc:subfield code="3">13876414</marc:subfield>
      <marc:subfield code="a">WEA-Hersen</marc:subfield>
    </marc:datafield>
    <marc:datafield tag="516" ind1=" " ind2=" ">
      <marc:subfield code="5">z</marc:subfield>
      <marc:subfield code="0">Edite et distribue : </marc:subfield>
      <marc:subfield code="3">13877732</marc:subfield>
      <marc:subfield code="a">WEA-Faisage</marc:subfield>
    </marc:datafield>
    <marc:datafield tag="516" ind1=" " ind2=" ">
      <marc:subfield code="5">z</marc:subfield>
      <marc:subfield code="0">Edite et distribue : </marc:subfield>
      <marc:subfield code="3">13877630</marc:subfield>
      <marc:subfield code="a">WEA-Pas sage</marc:subfield>
    </marc:datafield>
    <marc:datafield tag="516" ind1=" " ind2=" ">
      <marc:subfield code="5">z</marc:subfield>
      <marc:subfield code="0">Édite : </marc:subfield>
      <marc:subfield code="3">13972733</marc:subfield>
      <marc:subfield code="a">Carrère-East West-Distance</marc:subfield>
    </marc:datafield>
    <marc:datafield tag="516" ind1=" " ind2=" ">
      <marc:subfield code="5">z</marc:subfield>
      <marc:subfield code="0">Edite et distribue : </marc:subfield>
      <marc:subfield code="3">13976506</marc:subfield>
      <marc:subfield code="a">Wea-Dig it international</marc:subfield>
    </marc:datafield>
    <marc:datafield tag="516" ind1=" " ind2=" ">
      <marc:subfield code="5">z</marc:subfield>
      <marc:subfield code="0">Edite et distribue : </marc:subfield>
      <marc:subfield code="3">13977696</marc:subfield>
      <marc:subfield code="a">WEA-Terrifik</marc:subfield>
    </marc:datafield>
    <marc:datafield tag="516" ind1=" " ind2=" ">
      <marc:subfield code="5">z</marc:subfield>
      <marc:subfield code="0">Edite et distribue : </marc:subfield>
      <marc:subfield code="3">13978312</marc:subfield>
      <marc:subfield code="a">WEA-Ciby 2000</marc:subfield>
    </marc:datafield>
    <marc:datafield tag="516" ind1=" " ind2=" ">
      <marc:subfield code="5">z</marc:subfield>
      <marc:subfield code="0">Edite et distribue : </marc:subfield>
      <marc:subfield code="3">13980220</marc:subfield>
      <marc:subfield code="a">WEA-Terrifik-VV</marc:subfield>
    </marc:datafield>
    <marc:datafield tag="516" ind1=" " ind2=" ">
      <marc:subfield code="5">z</marc:subfield>
      <marc:subfield code="0">Edite et distribue : </marc:subfield>
      <marc:subfield code="3">13981460</marc:subfield>
      <marc:subfield code="a">WEA-Square Prod</marc:subfield>
    </marc:datafield>
    <marc:datafield tag="516" ind1=" " ind2=" ">
      <marc:subfield code="5">z</marc:subfield>
      <marc:subfield code="0">Edite et distribue : </marc:subfield>
      <marc:subfield code="3">13981492</marc:subfield>
      <marc:subfield code="a">WEA-Give me 5</marc:subfield>
    </marc:datafield>
    <marc:datafield tag="516" ind1=" " ind2=" ">
      <marc:subfield code="5">z</marc:subfield>
      <marc:subfield code="0">Edite et distribue : </marc:subfield>
      <marc:subfield code="3">13982800</marc:subfield>
      <marc:subfield code="a">WEA-Mouche</marc:subfield>
    </marc:datafield>
    <marc:datafield tag="516" ind1=" " ind2=" ">
      <marc:subfield code="5">z</marc:subfield>
      <marc:subfield code="0">Edite et distribue : </marc:subfield>
      <marc:subfield code="3">13984555</marc:subfield>
      <marc:subfield code="a">WEA-Spectra</marc:subfield>
    </marc:datafield>
    <marc:datafield tag="516" ind1=" " ind2=" ">
      <marc:subfield code="5">z</marc:subfield>
      <marc:subfield code="0">Édite : </marc:subfield>
      <marc:subfield code="3">13877299</marc:subfield>
      <marc:subfield code="7">ba0yba0y</marc:subfield>
      <marc:subfield code="8">fre   </marc:subfield>
      <marc:subfield code="a">East West-CGD</marc:subfield>
    </marc:datafield>
    <marc:datafield tag="516" ind1=" " ind2=" ">
      <marc:subfield code="5">z</marc:subfield>
      <marc:subfield code="0">Edite et distribue : </marc:subfield>
      <marc:subfield code="3">13990030</marc:subfield>
      <marc:subfield code="a">Wea-Multi Kulti Media</marc:subfield>
    </marc:datafield>
    <marc:datafield tag="516" ind1=" " ind2=" ">
      <marc:subfield code="5">z</marc:subfield>
      <marc:subfield code="0">Édite : </marc:subfield>
      <marc:subfield code="3">13992156</marc:subfield>
      <marc:subfield code="a">77 Productions-East West</marc:subfield>
    </marc:datafield>
    <marc:datafield tag="516" ind1=" " ind2=" ">
      <marc:subfield code="5">z</marc:subfield>
      <marc:subfield code="0">Edite et distribue : </marc:subfield>
      <marc:subfield code="3">13992108</marc:subfield>
      <marc:subfield code="a">WEA-Lazennec</marc:subfield>
    </marc:datafield>
    <marc:datafield tag="516" ind1=" " ind2=" ">
      <marc:subfield code="5">z</marc:subfield>
      <marc:subfield code="0">Edite et distribue : </marc:subfield>
      <marc:subfield code="3">13994206</marc:subfield>
      <marc:subfield code="a">Sire-Hifi</marc:subfield>
    </marc:datafield>
    <marc:datafield tag="516" ind1=" " ind2=" ">
      <marc:subfield code="5">z</marc:subfield>
      <marc:subfield code="0">Edite et distribue : </marc:subfield>
      <marc:subfield code="3">13994214</marc:subfield>
      <marc:subfield code="a">Wea-Sire-Hifi</marc:subfield>
    </marc:datafield>
    <marc:datafield tag="516" ind1=" " ind2=" ">
      <marc:subfield code="5">z</marc:subfield>
      <marc:subfield code="0">Edite et distribue : </marc:subfield>
      <marc:subfield code="3">13996115</marc:subfield>
      <marc:subfield code="a">J B Feeling</marc:subfield>
    </marc:datafield>
    <marc:datafield tag="516" ind1=" " ind2=" ">
      <marc:subfield code="5">z</marc:subfield>
      <marc:subfield code="0">Edite et distribue : </marc:subfield>
      <marc:subfield code="3">13998062</marc:subfield>
      <marc:subfield code="a">Wea-Extrapole</marc:subfield>
    </marc:datafield>
    <marc:datafield tag="516" ind1=" " ind2=" ">
      <marc:subfield code="5">z</marc:subfield>
      <marc:subfield code="0">Edite et distribue : </marc:subfield>
      <marc:subfield code="3">13877183</marc:subfield>
      <marc:subfield code="a">Restaurants du Coeur</marc:subfield>
    </marc:datafield>
    <marc:datafield tag="516" ind1=" " ind2=" ">
      <marc:subfield code="5">z</marc:subfield>
      <marc:subfield code="0">Edite et distribue : </marc:subfield>
      <marc:subfield code="3">14020293</marc:subfield>
      <marc:subfield code="a">Riverside-Original Blues Classics</marc:subfield>
    </marc:datafield>
    <marc:datafield tag="516" ind1=" " ind2=" ">
      <marc:subfield code="5">z</marc:subfield>
      <marc:subfield code="0">Edite et distribue : </marc:subfield>
      <marc:subfield code="3">14020929</marc:subfield>
      <marc:subfield code="a">IV my people</marc:subfield>
    </marc:datafield>
    <marc:datafield tag="516" ind1=" " ind2=" ">
      <marc:subfield code="5">z</marc:subfield>
      <marc:subfield code="0">Edite et distribue : </marc:subfield>
      <marc:subfield code="3">14036296</marc:subfield>
      <marc:subfield code="a">Warner music France</marc:subfield>
    </marc:datafield>
    <marc:datafield tag="516" ind1=" " ind2=" ">
      <marc:subfield code="5">z</marc:subfield>
      <marc:subfield code="0">Edite et distribue : </marc:subfield>
      <marc:subfield code="3">14036779</marc:subfield>
      <marc:subfield code="a">Birdolgy-Rhino-Milestone</marc:subfield>
    </marc:datafield>
    <marc:datafield tag="516" ind1=" " ind2=" ">
      <marc:subfield code="5">z</marc:subfield>
      <marc:subfield code="0">Edite et distribue : </marc:subfield>
      <marc:subfield code="3">13971504</marc:subfield>
      <marc:subfield code="a">WEA-Chlorophylle</marc:subfield>
    </marc:datafield>
    <marc:datafield tag="516" ind1=" " ind2=" ">
      <marc:subfield code="5">z</marc:subfield>
      <marc:subfield code="0">Edite et distribue : </marc:subfield>
      <marc:subfield code="3">13970495</marc:subfield>
      <marc:subfield code="a">WEA-Puzzle</marc:subfield>
    </marc:datafield>
    <marc:datafield tag="516" ind1=" " ind2=" ">
      <marc:subfield code="5">z</marc:subfield>
      <marc:subfield code="0">Edite et distribue : </marc:subfield>
      <marc:subfield code="3">13971506</marc:subfield>
      <marc:subfield code="a">WEA-Puzzle-Chlorophylle</marc:subfield>
    </marc:datafield>
    <marc:datafield tag="516" ind1=" " ind2=" ">
      <marc:subfield code="5">z</marc:subfield>
      <marc:subfield code="0">Distribue : </marc:subfield>
      <marc:subfield code="3">13925647</marc:subfield>
      <marc:subfield code="a">Atlantic-Titanium</marc:subfield>
    </marc:datafield>
    <marc:datafield tag="516" ind1=" " ind2=" ">
      <marc:subfield code="5">z</marc:subfield>
      <marc:subfield code="0">Distribue : </marc:subfield>
      <marc:subfield code="3">13873965</marc:subfield>
      <marc:subfield code="a">Blanco y negro</marc:subfield>
    </marc:datafield>
    <marc:datafield tag="516" ind1=" " ind2=" ">
      <marc:subfield code="5">z</marc:subfield>
      <marc:subfield code="0">Distribue : </marc:subfield>
      <marc:subfield code="3">13877809</marc:subfield>
      <marc:subfield code="a">Teldec</marc:subfield>
    </marc:datafield>
    <marc:datafield tag="516" ind1=" " ind2=" ">
      <marc:subfield code="5">z</marc:subfield>
      <marc:subfield code="0">Distribue : </marc:subfield>
      <marc:subfield code="3">13873775</marc:subfield>
      <marc:subfield code="7">ba0yba0y</marc:subfield>
      <marc:subfield code="8">fre   </marc:subfield>
      <marc:subfield code="a">Atlantic</marc:subfield>
    </marc:datafield>
    <marc:datafield tag="516" ind1=" " ind2=" ">
      <marc:subfield code="5">z</marc:subfield>
      <marc:subfield code="0">Distribue : </marc:subfield>
      <marc:subfield code="3">13877485</marc:subfield>
      <marc:subfield code="a">Some Bizarre</marc:subfield>
    </marc:datafield>
    <marc:datafield tag="516" ind1=" " ind2=" ">
      <marc:subfield code="5">z</marc:subfield>
      <marc:subfield code="0">Distribue : </marc:subfield>
      <marc:subfield code="3">13875768</marc:subfield>
      <marc:subfield code="a">Hot Tracks</marc:subfield>
    </marc:datafield>
    <marc:datafield tag="516" ind1=" " ind2=" ">
      <marc:subfield code="5">z</marc:subfield>
      <marc:subfield code="0">Distribue : </marc:subfield>
      <marc:subfield code="3">13877885</marc:subfield>
      <marc:subfield code="a">Touch of Gold</marc:subfield>
    </marc:datafield>
    <marc:datafield tag="516" ind1=" " ind2=" ">
      <marc:subfield code="5">z</marc:subfield>
      <marc:subfield code="0">Distribue : </marc:subfield>
      <marc:subfield code="3">13875854</marc:subfield>
      <marc:subfield code="a">In the mix</marc:subfield>
    </marc:datafield>
    <marc:datafield tag="516" ind1=" " ind2=" ">
      <marc:subfield code="5">z</marc:subfield>
      <marc:subfield code="0">Distribue : </marc:subfield>
      <marc:subfield code="3">13953561</marc:subfield>
      <marc:subfield code="a">Scorpio</marc:subfield>
    </marc:datafield>
    <marc:datafield tag="516" ind1=" " ind2=" ">
      <marc:subfield code="5">z</marc:subfield>
      <marc:subfield code="0">Distribue : </marc:subfield>
      <marc:subfield code="3">13968287</marc:subfield>
      <marc:subfield code="a">Mascotte</marc:subfield>
    </marc:datafield>
    <marc:datafield tag="516" ind1=" " ind2=" ">
      <marc:subfield code="5">z</marc:subfield>
      <marc:subfield code="0">Distribue : </marc:subfield>
      <marc:subfield code="3">13968290</marc:subfield>
      <marc:subfield code="a">Emi-Mascotte</marc:subfield>
    </marc:datafield>
    <marc:datafield tag="516" ind1=" " ind2=" ">
      <marc:subfield code="5">z</marc:subfield>
      <marc:subfield code="0">Distribue : </marc:subfield>
      <marc:subfield code="3">13985023</marc:subfield>
      <marc:subfield code="a">Scorpio-Edel-Regular</marc:subfield>
    </marc:datafield>
    <marc:datafield tag="516" ind1=" " ind2=" ">
      <marc:subfield code="5">z</marc:subfield>
      <marc:subfield code="0">Distribue : </marc:subfield>
      <marc:subfield code="3">13998100</marc:subfield>
      <marc:subfield code="a">Big Mix</marc:subfield>
    </marc:datafield>
    <marc:datafield tag="516" ind1=" " ind2=" ">
      <marc:subfield code="5">z</marc:subfield>
      <marc:subfield code="0">Distribue : </marc:subfield>
      <marc:subfield code="3">13873643</marc:subfield>
      <marc:subfield code="7">ba0yba0y</marc:subfield>
      <marc:subfield code="8">fre   </marc:subfield>
      <marc:subfield code="a">Mk2 music</marc:subfield>
    </marc:datafield>
    <marc:datafield tag="516" ind1=" " ind2=" ">
      <marc:subfield code="5">z</marc:subfield>
      <marc:subfield code="0">Distribue : </marc:subfield>
      <marc:subfield code="3">13934820</marc:subfield>
      <marc:subfield code="7">ba0yba0y</marc:subfield>
      <marc:subfield code="8">fre   </marc:subfield>
      <marc:subfield code="a">Hollywood records</marc:subfield>
      <marc:subfield code="f">1989-....</marc:subfield>
    </marc:datafield>
    <marc:datafield tag="516" ind1=" " ind2=" ">
      <marc:subfield code="5">z</marc:subfield>
      <marc:subfield code="0">Distribue : </marc:subfield>
      <marc:subfield code="3">13958015</marc:subfield>
      <marc:subfield code="a">EarthBeat !</marc:subfield>
    </marc:datafield>
    <marc:datafield tag="516" ind1=" " ind2=" ">
      <marc:subfield code="5">z</marc:subfield>
      <marc:subfield code="0">Distribue : </marc:subfield>
      <marc:subfield code="3">14014767</marc:subfield>
      <marc:subfield code="a">Mammoth</marc:subfield>
    </marc:datafield>
    <marc:datafield tag="516" ind1=" " ind2=" ">
      <marc:subfield code="5">z</marc:subfield>
      <marc:subfield code="0">Distribue : </marc:subfield>
      <marc:subfield code="3">13928704</marc:subfield>
      <marc:subfield code="a">Telstar</marc:subfield>
    </marc:datafield>
    <marc:datafield tag="516" ind1=" " ind2=" ">
      <marc:subfield code="5">z</marc:subfield>
      <marc:subfield code="0">Distribue : </marc:subfield>
      <marc:subfield code="3">14054443</marc:subfield>
      <marc:subfield code="7">ba0yba0y</marc:subfield>
      <marc:subfield code="8">fre   </marc:subfield>
      <marc:subfield code="a">Erato</marc:subfield>
    </marc:datafield>
    <marc:datafield tag="516" ind1=" " ind2=" ">
      <marc:subfield code="5">z</marc:subfield>
      <marc:subfield code="0">Distribue : </marc:subfield>
      <marc:subfield code="3">14054585</marc:subfield>
      <marc:subfield code="7">ba0yba0y</marc:subfield>
      <marc:subfield code="8">fre   </marc:subfield>
      <marc:subfield code="a">Warner jazz France</marc:subfield>
    </marc:datafield>
    <marc:datafield tag="516" ind1=" " ind2=" ">
      <marc:subfield code="5">z</marc:subfield>
      <marc:subfield code="0">Distribue : </marc:subfield>
      <marc:subfield code="3">13877095</marc:subfield>
      <marc:subfield code="7">ba0yba0y</marc:subfield>
      <marc:subfield code="8">fre   </marc:subfield>
      <marc:subfield code="a">Une musique</marc:subfield>
    </marc:datafield>
    <marc:datafield tag="516" ind1=" " ind2=" ">
      <marc:subfield code="5">z</marc:subfield>
      <marc:subfield code="0">Distribue : </marc:subfield>
      <marc:subfield code="3">13981271</marc:subfield>
      <marc:subfield code="a">Edel</marc:subfield>
    </marc:datafield>
    <marc:datafield tag="516" ind1=" " ind2=" ">
      <marc:subfield code="5">z</marc:subfield>
      <marc:subfield code="0">Distribue : </marc:subfield>
      <marc:subfield code="3">14032981</marc:subfield>
      <marc:subfield code="a">Locked on</marc:subfield>
    </marc:datafield>
    <marc:datafield tag="516" ind1=" " ind2=" ">
      <marc:subfield code="5">z</marc:subfield>
      <marc:subfield code="0">Distribue : </marc:subfield>
      <marc:subfield code="3">14030500</marc:subfield>
      <marc:subfield code="a">Koch records</marc:subfield>
    </marc:datafield>
    <marc:datafield tag="516" ind1=" " ind2=" ">
      <marc:subfield code="5">z</marc:subfield>
      <marc:subfield code="0">Distribue : </marc:subfield>
      <marc:subfield code="3">14065880</marc:subfield>
      <marc:subfield code="a">B-unique records</marc:subfield>
    </marc:datafield>
    <marc:datafield tag="516" ind1=" " ind2=" ">
      <marc:subfield code="5">z</marc:subfield>
      <marc:subfield code="0">Distribue : </marc:subfield>
      <marc:subfield code="3">13996763</marc:subfield>
      <marc:subfield code="a">Zyx music</marc:subfield>
    </marc:datafield>
    <marc:datafield tag="516" ind1=" " ind2=" ">
      <marc:subfield code="5">z</marc:subfield>
      <marc:subfield code="0">Distribue : </marc:subfield>
      <marc:subfield code="3">14065909</marc:subfield>
      <marc:subfield code="a">Loma</marc:subfield>
    </marc:datafield>
    <marc:datafield tag="516" ind1=" " ind2=" ">
      <marc:subfield code="5">z</marc:subfield>
      <marc:subfield code="0">Distribue : </marc:subfield>
      <marc:subfield code="3">13873667</marc:subfield>
      <marc:subfield code="a">Apache</marc:subfield>
    </marc:datafield>
    <marc:datafield tag="516" ind1=" " ind2=" ">
      <marc:subfield code="5">z</marc:subfield>
      <marc:subfield code="0">Distribue : </marc:subfield>
      <marc:subfield code="3">13947286</marc:subfield>
      <marc:subfield code="a">WEA-Apache</marc:subfield>
    </marc:datafield>
    <marc:datafield tag="516" ind1=" " ind2=" ">
      <marc:subfield code="5">z</marc:subfield>
      <marc:subfield code="0">Distribue : </marc:subfield>
      <marc:subfield code="3">13938744</marc:subfield>
      <marc:subfield code="a">Erato-Libretto</marc:subfield>
    </marc:datafield>
    <marc:datafield tag="516" ind1=" " ind2=" ">
      <marc:subfield code="5">z</marc:subfield>
      <marc:subfield code="0">Distribue : </marc:subfield>
      <marc:subfield code="3">13948528</marc:subfield>
      <marc:subfield code="a">Elektra-PWR</marc:subfield>
    </marc:datafield>
    <marc:datafield tag="516" ind1=" " ind2=" ">
      <marc:subfield code="5">z</marc:subfield>
      <marc:subfield code="0">Distribue : </marc:subfield>
      <marc:subfield code="3">13958072</marc:subfield>
      <marc:subfield code="a">Reprise-Forceful</marc:subfield>
    </marc:datafield>
    <marc:datafield tag="516" ind1=" " ind2=" ">
      <marc:subfield code="5">z</marc:subfield>
      <marc:subfield code="0">Distribue : </marc:subfield>
      <marc:subfield code="3">13873947</marc:subfield>
      <marc:subfield code="a">Prestige-New Jazz</marc:subfield>
    </marc:datafield>
    <marc:datafield tag="516" ind1=" " ind2=" ">
      <marc:subfield code="5">z</marc:subfield>
      <marc:subfield code="0">Distribue : </marc:subfield>
      <marc:subfield code="3">13875554</marc:subfield>
      <marc:subfield code="a">Galaxy</marc:subfield>
    </marc:datafield>
    <marc:datafield tag="516" ind1=" " ind2=" ">
      <marc:subfield code="5">z</marc:subfield>
      <marc:subfield code="0">Distribue : </marc:subfield>
      <marc:subfield code="3">13875919</marc:subfield>
      <marc:subfield code="7">ba0yba0y</marc:subfield>
      <marc:subfield code="8">fre   </marc:subfield>
      <marc:subfield code="a">Jazzland</marc:subfield>
      <marc:subfield code="c">Allemagne</marc:subfield>
    </marc:datafield>
    <marc:datafield tag="516" ind1=" " ind2=" ">
      <marc:subfield code="5">z</marc:subfield>
      <marc:subfield code="0">Distribue : </marc:subfield>
      <marc:subfield code="3">13874022</marc:subfield>
      <marc:subfield code="a">Wea-Mvg</marc:subfield>
    </marc:datafield>
    <marc:datafield tag="516" ind1=" " ind2=" ">
      <marc:subfield code="5">z</marc:subfield>
      <marc:subfield code="0">Distribue : </marc:subfield>
      <marc:subfield code="3">13874021</marc:subfield>
      <marc:subfield code="a">WEA-Play it loud</marc:subfield>
    </marc:datafield>
    <marc:datafield tag="516" ind1=" " ind2=" ">
      <marc:subfield code="5">z</marc:subfield>
      <marc:subfield code="0">Distribue : </marc:subfield>
      <marc:subfield code="3">13937871</marc:subfield>
      <marc:subfield code="a">Atlantic-Lone Wolf</marc:subfield>
    </marc:datafield>
    <marc:datafield tag="516" ind1=" " ind2=" ">
      <marc:subfield code="5">z</marc:subfield>
      <marc:subfield code="0">Distribue : </marc:subfield>
      <marc:subfield code="3">13937877</marc:subfield>
      <marc:subfield code="a">Atlantic-Loud &amp; Proud</marc:subfield>
    </marc:datafield>
    <marc:datafield tag="516" ind1=" " ind2=" ">
      <marc:subfield code="5">z</marc:subfield>
      <marc:subfield code="0">Distribue : </marc:subfield>
      <marc:subfield code="3">13943730</marc:subfield>
      <marc:subfield code="a">Elektra-Pendulum</marc:subfield>
    </marc:datafield>
    <marc:datafield tag="516" ind1=" " ind2=" ">
      <marc:subfield code="5">z</marc:subfield>
      <marc:subfield code="0">Distribue : </marc:subfield>
      <marc:subfield code="3">13875394</marc:subfield>
      <marc:subfield code="a">Fantasy</marc:subfield>
    </marc:datafield>
    <marc:datafield tag="516" ind1=" " ind2=" ">
      <marc:subfield code="5">z</marc:subfield>
      <marc:subfield code="0">Distribue : </marc:subfield>
      <marc:subfield code="3">13948830</marc:subfield>
      <marc:subfield code="a">East West-Australian</marc:subfield>
    </marc:datafield>
    <marc:datafield tag="516" ind1=" " ind2=" ">
      <marc:subfield code="5">z</marc:subfield>
      <marc:subfield code="0">Distribue : </marc:subfield>
      <marc:subfield code="3">13874710</marc:subfield>
      <marc:subfield code="a">WEA-Torpedo</marc:subfield>
    </marc:datafield>
    <marc:datafield tag="516" ind1=" " ind2=" ">
      <marc:subfield code="5">z</marc:subfield>
      <marc:subfield code="0">Distribue : </marc:subfield>
      <marc:subfield code="3">13874713</marc:subfield>
      <marc:subfield code="a">Reprise-Kalimba</marc:subfield>
    </marc:datafield>
    <marc:datafield tag="516" ind1=" " ind2=" ">
      <marc:subfield code="5">z</marc:subfield>
      <marc:subfield code="0">Distribue : </marc:subfield>
      <marc:subfield code="3">13931373</marc:subfield>
      <marc:subfield code="a">Musifrance</marc:subfield>
    </marc:datafield>
    <marc:datafield tag="516" ind1=" " ind2=" ">
      <marc:subfield code="5">z</marc:subfield>
      <marc:subfield code="0">Distribue : </marc:subfield>
      <marc:subfield code="3">13932181</marc:subfield>
      <marc:subfield code="7">ba0yba0y</marc:subfield>
      <marc:subfield code="8">fre   </marc:subfield>
      <marc:subfield code="a">Rhino</marc:subfield>
    </marc:datafield>
    <marc:datafield tag="516" ind1=" " ind2=" ">
      <marc:subfield code="5">z</marc:subfield>
      <marc:subfield code="0">Distribue : </marc:subfield>
      <marc:subfield code="3">13930610</marc:subfield>
      <marc:subfield code="a">Warner Bros-Rap</marc:subfield>
    </marc:datafield>
    <marc:datafield tag="516" ind1=" " ind2=" ">
      <marc:subfield code="5">z</marc:subfield>
      <marc:subfield code="0">Distribue : </marc:subfield>
      <marc:subfield code="3">13878143</marc:subfield>
      <marc:subfield code="a">Warner Bros-Cold Chillin'</marc:subfield>
    </marc:datafield>
    <marc:datafield tag="516" ind1=" " ind2=" ">
      <marc:subfield code="5">z</marc:subfield>
      <marc:subfield code="0">Distribue : </marc:subfield>
      <marc:subfield code="3">13949495</marc:subfield>
      <marc:subfield code="a">Select</marc:subfield>
      <marc:subfield code="c">1992-....</marc:subfield>
    </marc:datafield>
    <marc:datafield tag="516" ind1=" " ind2=" ">
      <marc:subfield code="5">z</marc:subfield>
      <marc:subfield code="0">Distribue : </marc:subfield>
      <marc:subfield code="3">13877140</marc:subfield>
      <marc:subfield code="a">Real</marc:subfield>
    </marc:datafield>
    <marc:datafield tag="516" ind1=" " ind2=" ">
      <marc:subfield code="5">z</marc:subfield>
      <marc:subfield code="0">Distribue : </marc:subfield>
      <marc:subfield code="3">13875597</marc:subfield>
      <marc:subfield code="a">Warner Bros-Capricorn</marc:subfield>
    </marc:datafield>
    <marc:datafield tag="516" ind1=" " ind2=" ">
      <marc:subfield code="5">z</marc:subfield>
      <marc:subfield code="0">Distribue : </marc:subfield>
      <marc:subfield code="3">13875675</marc:subfield>
      <marc:subfield code="a">Warner Bros-Reprise</marc:subfield>
    </marc:datafield>
    <marc:datafield tag="516" ind1=" " ind2=" ">
      <marc:subfield code="5">z</marc:subfield>
      <marc:subfield code="0">Distribue : </marc:subfield>
      <marc:subfield code="3">13875013</marc:subfield>
      <marc:subfield code="a">Rhino-Atlantic Jazz</marc:subfield>
    </marc:datafield>
    <marc:datafield tag="516" ind1=" " ind2=" ">
      <marc:subfield code="5">z</marc:subfield>
      <marc:subfield code="0">Distribue : </marc:subfield>
      <marc:subfield code="3">13876140</marc:subfield>
      <marc:subfield code="a">Elektra-Street know ledge</marc:subfield>
    </marc:datafield>
    <marc:datafield tag="516" ind1=" " ind2=" ">
      <marc:subfield code="5">z</marc:subfield>
      <marc:subfield code="0">Distribue : </marc:subfield>
      <marc:subfield code="3">14020815</marc:subfield>
      <marc:subfield code="a">Ziriguiboom</marc:subfield>
    </marc:datafield>
    <marc:datafield tag="516" ind1=" " ind2=" ">
      <marc:subfield code="5">z</marc:subfield>
      <marc:subfield code="0">Distribue : </marc:subfield>
      <marc:subfield code="3">14028234</marc:subfield>
      <marc:subfield code="a">Vik recordings</marc:subfield>
    </marc:datafield>
    <marc:datafield tag="516" ind1=" " ind2=" ">
      <marc:subfield code="5">z</marc:subfield>
      <marc:subfield code="0">Distribue : </marc:subfield>
      <marc:subfield code="3">14034663</marc:subfield>
      <marc:subfield code="a">Iht Records</marc:subfield>
    </marc:datafield>
    <marc:datafield tag="516" ind1=" " ind2=" ">
      <marc:subfield code="5">z</marc:subfield>
      <marc:subfield code="0">Distribue : </marc:subfield>
      <marc:subfield code="3">14038107</marc:subfield>
      <marc:subfield code="a">Narada jazz</marc:subfield>
    </marc:datafield>
    <marc:datafield tag="516" ind1=" " ind2=" ">
      <marc:subfield code="5">z</marc:subfield>
      <marc:subfield code="0">Distribue : </marc:subfield>
      <marc:subfield code="3">14038189</marc:subfield>
      <marc:subfield code="a">Warner.esp</marc:subfield>
    </marc:datafield>
    <marc:datafield tag="516" ind1=" " ind2=" ">
      <marc:subfield code="5">z</marc:subfield>
      <marc:subfield code="0">Distribue : </marc:subfield>
      <marc:subfield code="3">14038950</marc:subfield>
      <marc:subfield code="a">Radar</marc:subfield>
    </marc:datafield>
    <marc:datafield tag="516" ind1=" " ind2=" ">
      <marc:subfield code="5">z</marc:subfield>
      <marc:subfield code="0">Distribue : </marc:subfield>
      <marc:subfield code="3">14038985</marc:subfield>
      <marc:subfield code="a">Pum jazz band</marc:subfield>
    </marc:datafield>
    <marc:datafield tag="516" ind1=" " ind2=" ">
      <marc:subfield code="5">z</marc:subfield>
      <marc:subfield code="0">Distribue : </marc:subfield>
      <marc:subfield code="3">14039046</marc:subfield>
      <marc:subfield code="a">Dream machine</marc:subfield>
    </marc:datafield>
    <marc:datafield tag="516" ind1=" " ind2=" ">
      <marc:subfield code="5">z</marc:subfield>
      <marc:subfield code="0">Distribue : </marc:subfield>
      <marc:subfield code="3">13926986</marc:subfield>
      <marc:subfield code="a">Warner Bros-Sire-Luaka Bop</marc:subfield>
    </marc:datafield>
    <marc:datafield tag="516" ind1=" " ind2=" ">
      <marc:subfield code="5">z</marc:subfield>
      <marc:subfield code="0">Distribue : </marc:subfield>
      <marc:subfield code="3">13927020</marc:subfield>
      <marc:subfield code="a">Warner Bros-Uptown</marc:subfield>
    </marc:datafield>
    <marc:datafield tag="516" ind1=" " ind2=" ">
      <marc:subfield code="5">z</marc:subfield>
      <marc:subfield code="0">Distribue : </marc:subfield>
      <marc:subfield code="3">13947282</marc:subfield>
      <marc:subfield code="a">Reprise-Cold Chillin'</marc:subfield>
    </marc:datafield>
    <marc:datafield tag="516" ind1=" " ind2=" ">
      <marc:subfield code="5">z</marc:subfield>
      <marc:subfield code="0">Distribue : </marc:subfield>
      <marc:subfield code="3">13952909</marc:subfield>
      <marc:subfield code="a">Debut</marc:subfield>
    </marc:datafield>
    <marc:datafield tag="516" ind1=" " ind2=" ">
      <marc:subfield code="5">z</marc:subfield>
      <marc:subfield code="0">Distribue : </marc:subfield>
      <marc:subfield code="3">13938485</marc:subfield>
      <marc:subfield code="a">Orange blue</marc:subfield>
    </marc:datafield>
    <marc:datafield tag="516" ind1=" " ind2=" ">
      <marc:subfield code="5">z</marc:subfield>
      <marc:subfield code="0">Distribue : </marc:subfield>
      <marc:subfield code="3">13875633</marc:subfield>
      <marc:subfield code="a">Elektra-Sub Pop</marc:subfield>
    </marc:datafield>
    <marc:datafield tag="516" ind1=" " ind2=" ">
      <marc:subfield code="5">z</marc:subfield>
      <marc:subfield code="0">Distribue : </marc:subfield>
      <marc:subfield code="3">13875171</marc:subfield>
      <marc:subfield code="a">Duck</marc:subfield>
    </marc:datafield>
    <marc:datafield tag="516" ind1=" " ind2=" ">
      <marc:subfield code="5">z</marc:subfield>
      <marc:subfield code="0">Distribue : </marc:subfield>
      <marc:subfield code="3">13876370</marc:subfield>
      <marc:subfield code="a">Megaforce Worldwide</marc:subfield>
    </marc:datafield>
    <marc:datafield tag="516" ind1=" " ind2=" ">
      <marc:subfield code="5">z</marc:subfield>
      <marc:subfield code="0">Distribue : </marc:subfield>
      <marc:subfield code="3">13876776</marc:subfield>
      <marc:subfield code="a">Pablo Live</marc:subfield>
    </marc:datafield>
    <marc:datafield tag="516" ind1=" " ind2=" ">
      <marc:subfield code="5">z</marc:subfield>
      <marc:subfield code="0">Distribue : </marc:subfield>
      <marc:subfield code="3">13930280</marc:subfield>
      <marc:subfield code="a">Warner Bros-Sire-Rhyme Syndicate</marc:subfield>
    </marc:datafield>
    <marc:datafield tag="516" ind1=" " ind2=" ">
      <marc:subfield code="5">z</marc:subfield>
      <marc:subfield code="0">Distribue : </marc:subfield>
      <marc:subfield code="3">13931347</marc:subfield>
      <marc:subfield code="a">WEA-East West</marc:subfield>
    </marc:datafield>
    <marc:datafield tag="516" ind1=" " ind2=" ">
      <marc:subfield code="5">z</marc:subfield>
      <marc:subfield code="0">Distribue : </marc:subfield>
      <marc:subfield code="3">13932567</marc:subfield>
      <marc:subfield code="a">Warner Bros-Rap-Eternal</marc:subfield>
    </marc:datafield>
    <marc:datafield tag="516" ind1=" " ind2=" ">
      <marc:subfield code="5">z</marc:subfield>
      <marc:subfield code="0">Distribue : </marc:subfield>
      <marc:subfield code="3">13934741</marc:subfield>
      <marc:subfield code="a">Warner Bros-Grand Jury</marc:subfield>
    </marc:datafield>
    <marc:datafield tag="516" ind1=" " ind2=" ">
      <marc:subfield code="5">z</marc:subfield>
      <marc:subfield code="0">Distribue : </marc:subfield>
      <marc:subfield code="3">13934753</marc:subfield>
      <marc:subfield code="a">WEA-Australian</marc:subfield>
    </marc:datafield>
    <marc:datafield tag="516" ind1=" " ind2=" ">
      <marc:subfield code="5">z</marc:subfield>
      <marc:subfield code="0">Distribue : </marc:subfield>
      <marc:subfield code="3">13936799</marc:subfield>
      <marc:subfield code="a">WEA-Metronome</marc:subfield>
    </marc:datafield>
    <marc:datafield tag="516" ind1=" " ind2=" ">
      <marc:subfield code="5">z</marc:subfield>
      <marc:subfield code="0">Distribue : </marc:subfield>
      <marc:subfield code="3">13938949</marc:subfield>
      <marc:subfield code="a">WEA International</marc:subfield>
    </marc:datafield>
    <marc:datafield tag="516" ind1=" " ind2=" ">
      <marc:subfield code="5">z</marc:subfield>
      <marc:subfield code="0">Distribue : </marc:subfield>
      <marc:subfield code="3">13947018</marc:subfield>
      <marc:subfield code="a">Medley</marc:subfield>
    </marc:datafield>
    <marc:datafield tag="516" ind1=" " ind2=" ">
      <marc:subfield code="5">z</marc:subfield>
      <marc:subfield code="0">Distribue : </marc:subfield>
      <marc:subfield code="3">13878150</marc:subfield>
      <marc:subfield code="a">Warner Bros-Opal</marc:subfield>
    </marc:datafield>
    <marc:datafield tag="516" ind1=" " ind2=" ">
      <marc:subfield code="5">z</marc:subfield>
      <marc:subfield code="0">Distribue : </marc:subfield>
      <marc:subfield code="3">13876405</marc:subfield>
      <marc:subfield code="a">Reprise-Giant Step</marc:subfield>
    </marc:datafield>
    <marc:datafield tag="516" ind1=" " ind2=" ">
      <marc:subfield code="5">z</marc:subfield>
      <marc:subfield code="0">Distribue : </marc:subfield>
      <marc:subfield code="3">14033599</marc:subfield>
      <marc:subfield code="a">Nonsolo blue's</marc:subfield>
    </marc:datafield>
    <marc:datafield tag="516" ind1=" " ind2=" ">
      <marc:subfield code="5">z</marc:subfield>
      <marc:subfield code="0">Distribue : </marc:subfield>
      <marc:subfield code="3">14039074</marc:subfield>
      <marc:subfield code="a">RuffNation records</marc:subfield>
    </marc:datafield>
    <marc:datafield tag="516" ind1=" " ind2=" ">
      <marc:subfield code="5">z</marc:subfield>
      <marc:subfield code="0">Distribue : </marc:subfield>
      <marc:subfield code="3">14028499</marc:subfield>
      <marc:subfield code="a">Beat</marc:subfield>
    </marc:datafield>
    <marc:datafield tag="516" ind1=" " ind2=" ">
      <marc:subfield code="5">z</marc:subfield>
      <marc:subfield code="0">Distribue : </marc:subfield>
      <marc:subfield code="3">14041373</marc:subfield>
      <marc:subfield code="a">Coroner records</marc:subfield>
    </marc:datafield>
    <marc:datafield tag="516" ind1=" " ind2=" ">
      <marc:subfield code="5">z</marc:subfield>
      <marc:subfield code="0">Distribue : </marc:subfield>
      <marc:subfield code="3">14028266</marc:subfield>
      <marc:subfield code="a">Freakstreet</marc:subfield>
    </marc:datafield>
    <marc:datafield tag="516" ind1=" " ind2=" ">
      <marc:subfield code="5">z</marc:subfield>
      <marc:subfield code="0">Distribue : </marc:subfield>
      <marc:subfield code="3">13954853</marc:subfield>
      <marc:subfield code="a">LKJ</marc:subfield>
    </marc:datafield>
    <marc:datafield tag="516" ind1=" " ind2=" ">
      <marc:subfield code="5">z</marc:subfield>
      <marc:subfield code="0">A distribué : </marc:subfield>
      <marc:subfield code="3">14043080</marc:subfield>
      <marc:subfield code="7">ba0yba0y</marc:subfield>
      <marc:subfield code="8">fre   </marc:subfield>
      <marc:subfield code="a">45 Scientific</marc:subfield>
    </marc:datafield>
    <marc:datafield tag="516" ind1=" " ind2=" ">
      <marc:subfield code="5">z</marc:subfield>
      <marc:subfield code="0">Distribue : </marc:subfield>
      <marc:subfield code="3">14020922</marc:subfield>
      <marc:subfield code="a">Nouvelle donne music</marc:subfield>
    </marc:datafield>
    <marc:datafield tag="516" ind1=" " ind2=" ">
      <marc:subfield code="5">z</marc:subfield>
      <marc:subfield code="0">Distribue : </marc:subfield>
      <marc:subfield code="3">14043691</marc:subfield>
      <marc:subfield code="a">Divine mill</marc:subfield>
    </marc:datafield>
    <marc:datafield tag="516" ind1=" " ind2=" ">
      <marc:subfield code="5">z</marc:subfield>
      <marc:subfield code="0">Distribue : </marc:subfield>
      <marc:subfield code="3">14043870</marc:subfield>
      <marc:subfield code="a">Elektra traditions</marc:subfield>
    </marc:datafield>
    <marc:datafield tag="516" ind1=" " ind2=" ">
      <marc:subfield code="5">z</marc:subfield>
      <marc:subfield code="0">Distribue : </marc:subfield>
      <marc:subfield code="3">14043874</marc:subfield>
      <marc:subfield code="7">ba0yba0y</marc:subfield>
      <marc:subfield code="8">fre   </marc:subfield>
      <marc:subfield code="a">Warner Fonit</marc:subfield>
    </marc:datafield>
    <marc:datafield tag="516" ind1=" " ind2=" ">
      <marc:subfield code="5">z</marc:subfield>
      <marc:subfield code="0">Distribue : </marc:subfield>
      <marc:subfield code="3">14030040</marc:subfield>
      <marc:subfield code="a">Strictly rhythm UK</marc:subfield>
    </marc:datafield>
    <marc:datafield tag="516" ind1=" " ind2=" ">
      <marc:subfield code="5">z</marc:subfield>
      <marc:subfield code="0">Distribue : </marc:subfield>
      <marc:subfield code="3">14044840</marc:subfield>
      <marc:subfield code="a">Teldec new line</marc:subfield>
    </marc:datafield>
    <marc:datafield tag="516" ind1=" " ind2=" ">
      <marc:subfield code="5">z</marc:subfield>
      <marc:subfield code="0">Distribue : </marc:subfield>
      <marc:subfield code="3">14047165</marc:subfield>
      <marc:subfield code="a">Curb records</marc:subfield>
    </marc:datafield>
    <marc:datafield tag="516" ind1=" " ind2=" ">
      <marc:subfield code="5">z</marc:subfield>
      <marc:subfield code="0">Distribue : </marc:subfield>
      <marc:subfield code="3">13875132</marc:subfield>
      <marc:subfield code="a">Walt Disney records</marc:subfield>
    </marc:datafield>
    <marc:datafield tag="516" ind1=" " ind2=" ">
      <marc:subfield code="5">z</marc:subfield>
      <marc:subfield code="0">Distribue : </marc:subfield>
      <marc:subfield code="3">14047836</marc:subfield>
      <marc:subfield code="a">Frenetic</marc:subfield>
    </marc:datafield>
    <marc:datafield tag="516" ind1=" " ind2=" ">
      <marc:subfield code="5">z</marc:subfield>
      <marc:subfield code="0">A distribué : </marc:subfield>
      <marc:subfield code="3">13874948</marc:subfield>
      <marc:subfield code="7">ba0yba0y</marc:subfield>
      <marc:subfield code="8">fre   </marc:subfield>
      <marc:subfield code="a">Crammed</marc:subfield>
    </marc:datafield>
    <marc:datafield tag="516" ind1=" " ind2=" ">
      <marc:subfield code="5">z</marc:subfield>
      <marc:subfield code="0">Distribue : </marc:subfield>
      <marc:subfield code="3">14048885</marc:subfield>
      <marc:subfield code="a">Warner strategic marketing United Kingdom</marc:subfield>
    </marc:datafield>
    <marc:datafield tag="516" ind1=" " ind2=" ">
      <marc:subfield code="5">z</marc:subfield>
      <marc:subfield code="0">Distribue : </marc:subfield>
      <marc:subfield code="3">14066168</marc:subfield>
      <marc:subfield code="a">New line records</marc:subfield>
    </marc:datafield>
    <marc:datafield tag="516" ind1=" " ind2=" ">
      <marc:subfield code="5">z</marc:subfield>
      <marc:subfield code="0">Distribue : </marc:subfield>
      <marc:subfield code="3">14066180</marc:subfield>
      <marc:subfield code="7">ba0yba0y</marc:subfield>
      <marc:subfield code="8">fre   </marc:subfield>
      <marc:subfield code="a">Evidence</marc:subfield>
      <marc:subfield code="f">20..-....</marc:subfield>
      <marc:subfield code="c">Marque finlandaise</marc:subfield>
    </marc:datafield>
    <marc:datafield tag="516" ind1=" " ind2=" ">
      <marc:subfield code="5">z</marc:subfield>
      <marc:subfield code="0">Distribue : </marc:subfield>
      <marc:subfield code="3">13933789</marc:subfield>
      <marc:subfield code="a">Warner Bros-Wilbury</marc:subfield>
    </marc:datafield>
    <marc:datafield tag="516" ind1=" " ind2=" ">
      <marc:subfield code="5">z</marc:subfield>
      <marc:subfield code="0">Distribue : </marc:subfield>
      <marc:subfield code="3">13933984</marc:subfield>
      <marc:subfield code="a">Warner Bros-Sire-Q Sound</marc:subfield>
    </marc:datafield>
    <marc:datafield tag="516" ind1=" " ind2=" ">
      <marc:subfield code="5">z</marc:subfield>
      <marc:subfield code="0">Distribue : </marc:subfield>
      <marc:subfield code="3">13937915</marc:subfield>
      <marc:subfield code="a">Warner Bros-Giant</marc:subfield>
    </marc:datafield>
    <marc:datafield tag="516" ind1=" " ind2=" ">
      <marc:subfield code="5">z</marc:subfield>
      <marc:subfield code="0">Distribue : </marc:subfield>
      <marc:subfield code="3">13939172</marc:subfield>
      <marc:subfield code="a">Teldec Classics</marc:subfield>
    </marc:datafield>
    <marc:datafield tag="516" ind1=" " ind2=" ">
      <marc:subfield code="5">z</marc:subfield>
      <marc:subfield code="0">Distribue : </marc:subfield>
      <marc:subfield code="3">13942022</marc:subfield>
      <marc:subfield code="a">Warner Bros-Tappan Zee</marc:subfield>
    </marc:datafield>
    <marc:datafield tag="516" ind1=" " ind2=" ">
      <marc:subfield code="5">z</marc:subfield>
      <marc:subfield code="0">Distribue : </marc:subfield>
      <marc:subfield code="3">13876434</marc:subfield>
      <marc:subfield code="a">Milestone</marc:subfield>
    </marc:datafield>
    <marc:datafield tag="516" ind1=" " ind2=" ">
      <marc:subfield code="5">z</marc:subfield>
      <marc:subfield code="0">Distribue : </marc:subfield>
      <marc:subfield code="3">13946946</marc:subfield>
      <marc:subfield code="a">Montreux Jazz Festival</marc:subfield>
    </marc:datafield>
    <marc:datafield tag="516" ind1=" " ind2=" ">
      <marc:subfield code="5">z</marc:subfield>
      <marc:subfield code="0">Distribue : </marc:subfield>
      <marc:subfield code="3">13947019</marc:subfield>
      <marc:subfield code="a">Warner Bros-Medley</marc:subfield>
    </marc:datafield>
    <marc:datafield tag="516" ind1=" " ind2=" ">
      <marc:subfield code="5">z</marc:subfield>
      <marc:subfield code="0">Distribue : </marc:subfield>
      <marc:subfield code="3">13956222</marc:subfield>
      <marc:subfield code="a">Warner Bros-Quinlan Road</marc:subfield>
    </marc:datafield>
    <marc:datafield tag="516" ind1=" " ind2=" ">
      <marc:subfield code="5">z</marc:subfield>
      <marc:subfield code="0">Distribue : </marc:subfield>
      <marc:subfield code="3">13876465</marc:subfield>
      <marc:subfield code="a">Do it</marc:subfield>
    </marc:datafield>
    <marc:datafield tag="516" ind1=" " ind2=" ">
      <marc:subfield code="5">z</marc:subfield>
      <marc:subfield code="0">Distribue : </marc:subfield>
      <marc:subfield code="3">13971550</marc:subfield>
      <marc:subfield code="a">China-Equation</marc:subfield>
    </marc:datafield>
    <marc:datafield tag="516" ind1=" " ind2=" ">
      <marc:subfield code="5">z</marc:subfield>
      <marc:subfield code="0">Distribue : </marc:subfield>
      <marc:subfield code="3">13971551</marc:subfield>
      <marc:subfield code="a">WB-Unplugged</marc:subfield>
    </marc:datafield>
    <marc:datafield tag="516" ind1=" " ind2=" ">
      <marc:subfield code="5">z</marc:subfield>
      <marc:subfield code="0">Distribue : </marc:subfield>
      <marc:subfield code="3">13877057</marc:subfield>
      <marc:subfield code="a">Reprise-Qwest</marc:subfield>
    </marc:datafield>
    <marc:datafield tag="516" ind1=" " ind2=" ">
      <marc:subfield code="5">z</marc:subfield>
      <marc:subfield code="0">Distribue : </marc:subfield>
      <marc:subfield code="3">13947021</marc:subfield>
      <marc:subfield code="a">Warner Bros-Giant-Big Beat</marc:subfield>
    </marc:datafield>
    <marc:datafield tag="516" ind1=" " ind2=" ">
      <marc:subfield code="5">z</marc:subfield>
      <marc:subfield code="0">Distribue : </marc:subfield>
      <marc:subfield code="3">13947280</marc:subfield>
      <marc:subfield code="a">Elektra-Rush Artist</marc:subfield>
    </marc:datafield>
    <marc:datafield tag="516" ind1=" " ind2=" ">
      <marc:subfield code="5">z</marc:subfield>
      <marc:subfield code="0">Distribue : </marc:subfield>
      <marc:subfield code="3">13947281</marc:subfield>
      <marc:subfield code="a">Sire-Reprise-Kinetic</marc:subfield>
    </marc:datafield>
    <marc:datafield tag="516" ind1=" " ind2=" ">
      <marc:subfield code="5">z</marc:subfield>
      <marc:subfield code="0">Distribue : </marc:subfield>
      <marc:subfield code="3">13933802</marc:subfield>
      <marc:subfield code="a">Reprise-Giant</marc:subfield>
    </marc:datafield>
    <marc:datafield tag="516" ind1=" " ind2=" ">
      <marc:subfield code="5">z</marc:subfield>
      <marc:subfield code="0">Distribue : </marc:subfield>
      <marc:subfield code="3">13875245</marc:subfield>
      <marc:subfield code="a">Elektra-Nonesuch</marc:subfield>
    </marc:datafield>
    <marc:datafield tag="516" ind1=" " ind2=" ">
      <marc:subfield code="5">z</marc:subfield>
      <marc:subfield code="0">Distribue : </marc:subfield>
      <marc:subfield code="3">13947290</marc:subfield>
      <marc:subfield code="a">Warner Bros-Sire-Blue Horizon Héritage</marc:subfield>
    </marc:datafield>
    <marc:datafield tag="516" ind1=" " ind2=" ">
      <marc:subfield code="5">z</marc:subfield>
      <marc:subfield code="0">Distribue : </marc:subfield>
      <marc:subfield code="3">13947778</marc:subfield>
      <marc:subfield code="a">WEA-Quinlan Road</marc:subfield>
    </marc:datafield>
    <marc:datafield tag="516" ind1=" " ind2=" ">
      <marc:subfield code="5">z</marc:subfield>
      <marc:subfield code="0">Distribue : </marc:subfield>
      <marc:subfield code="3">13947787</marc:subfield>
      <marc:subfield code="a">WEA-Orange Blue</marc:subfield>
    </marc:datafield>
    <marc:datafield tag="516" ind1=" " ind2=" ">
      <marc:subfield code="5">z</marc:subfield>
      <marc:subfield code="0">Distribue : </marc:subfield>
      <marc:subfield code="3">13937691</marc:subfield>
      <marc:subfield code="a">Erato-Emeraude</marc:subfield>
    </marc:datafield>
    <marc:datafield tag="516" ind1=" " ind2=" ">
      <marc:subfield code="5">z</marc:subfield>
      <marc:subfield code="0">Distribue : </marc:subfield>
      <marc:subfield code="3">13948579</marc:subfield>
      <marc:subfield code="a">Teldec-Esprit</marc:subfield>
    </marc:datafield>
    <marc:datafield tag="516" ind1=" " ind2=" ">
      <marc:subfield code="5">z</marc:subfield>
      <marc:subfield code="0">Distribue : </marc:subfield>
      <marc:subfield code="3">13948604</marc:subfield>
      <marc:subfield code="a">Reprise-Graphics</marc:subfield>
    </marc:datafield>
    <marc:datafield tag="516" ind1=" " ind2=" ">
      <marc:subfield code="5">z</marc:subfield>
      <marc:subfield code="0">Distribue : </marc:subfield>
      <marc:subfield code="3">13931511</marc:subfield>
      <marc:subfield code="a">New Jazz</marc:subfield>
    </marc:datafield>
    <marc:datafield tag="516" ind1=" " ind2=" ">
      <marc:subfield code="5">z</marc:subfield>
      <marc:subfield code="0">Distribue : </marc:subfield>
      <marc:subfield code="3">13948863</marc:subfield>
      <marc:subfield code="a">Pwr</marc:subfield>
    </marc:datafield>
    <marc:datafield tag="516" ind1=" " ind2=" ">
      <marc:subfield code="5">z</marc:subfield>
      <marc:subfield code="0">Distribue : </marc:subfield>
      <marc:subfield code="3">13950243</marc:subfield>
      <marc:subfield code="a">Warner Bros-GD</marc:subfield>
    </marc:datafield>
    <marc:datafield tag="516" ind1=" " ind2=" ">
      <marc:subfield code="5">z</marc:subfield>
      <marc:subfield code="0">Distribue : </marc:subfield>
      <marc:subfield code="3">13950244</marc:subfield>
      <marc:subfield code="a">Warner Bros-Sire-Maverick</marc:subfield>
    </marc:datafield>
    <marc:datafield tag="516" ind1=" " ind2=" ">
      <marc:subfield code="5">z</marc:subfield>
      <marc:subfield code="0">Distribue : </marc:subfield>
      <marc:subfield code="3">13937132</marc:subfield>
      <marc:subfield code="a">Elektra-African Love</marc:subfield>
    </marc:datafield>
    <marc:datafield tag="516" ind1=" " ind2=" ">
      <marc:subfield code="5">z</marc:subfield>
      <marc:subfield code="0">Distribue : </marc:subfield>
      <marc:subfield code="3">13950637</marc:subfield>
      <marc:subfield code="a">REM-Athens</marc:subfield>
    </marc:datafield>
    <marc:datafield tag="516" ind1=" " ind2=" ">
      <marc:subfield code="5">z</marc:subfield>
      <marc:subfield code="0">Distribue : </marc:subfield>
      <marc:subfield code="3">13878162</marc:subfield>
      <marc:subfield code="a">WEA-Real</marc:subfield>
    </marc:datafield>
    <marc:datafield tag="516" ind1=" " ind2=" ">
      <marc:subfield code="5">z</marc:subfield>
      <marc:subfield code="0">Distribue : </marc:subfield>
      <marc:subfield code="3">13929764</marc:subfield>
      <marc:subfield code="a">Elektra-FFF</marc:subfield>
    </marc:datafield>
    <marc:datafield tag="516" ind1=" " ind2=" ">
      <marc:subfield code="5">z</marc:subfield>
      <marc:subfield code="0">Distribue : </marc:subfield>
      <marc:subfield code="3">13964750</marc:subfield>
      <marc:subfield code="a">WEA-Korova</marc:subfield>
    </marc:datafield>
    <marc:datafield tag="516" ind1=" " ind2=" ">
      <marc:subfield code="5">z</marc:subfield>
      <marc:subfield code="0">Distribue : </marc:subfield>
      <marc:subfield code="3">13951661</marc:subfield>
      <marc:subfield code="a">WEA-Sire-Real</marc:subfield>
    </marc:datafield>
    <marc:datafield tag="516" ind1=" " ind2=" ">
      <marc:subfield code="5">z</marc:subfield>
      <marc:subfield code="0">Distribue : </marc:subfield>
      <marc:subfield code="3">13952228</marc:subfield>
      <marc:subfield code="a">Warner Bros-Luaka bop</marc:subfield>
    </marc:datafield>
    <marc:datafield tag="516" ind1=" " ind2=" ">
      <marc:subfield code="5">z</marc:subfield>
      <marc:subfield code="0">Distribue : </marc:subfield>
      <marc:subfield code="3">13927112</marc:subfield>
      <marc:subfield code="a">Warner Bros-Qwest</marc:subfield>
    </marc:datafield>
    <marc:datafield tag="516" ind1=" " ind2=" ">
      <marc:subfield code="5">z</marc:subfield>
      <marc:subfield code="0">Distribue : </marc:subfield>
      <marc:subfield code="3">13953049</marc:subfield>
      <marc:subfield code="7">ba0yba0y</marc:subfield>
      <marc:subfield code="8">fre   </marc:subfield>
      <marc:subfield code="a">Solid</marc:subfield>
    </marc:datafield>
    <marc:datafield tag="516" ind1=" " ind2=" ">
      <marc:subfield code="5">z</marc:subfield>
      <marc:subfield code="0">Distribue : </marc:subfield>
      <marc:subfield code="3">13953804</marc:subfield>
      <marc:subfield code="a">Sire-Blanco y Negro</marc:subfield>
    </marc:datafield>
    <marc:datafield tag="516" ind1=" " ind2=" ">
      <marc:subfield code="5">z</marc:subfield>
      <marc:subfield code="0">Distribue : </marc:subfield>
      <marc:subfield code="3">13877174</marc:subfield>
      <marc:subfield code="a">Reprise-Full Moon</marc:subfield>
    </marc:datafield>
    <marc:datafield tag="516" ind1=" " ind2=" ">
      <marc:subfield code="5">z</marc:subfield>
      <marc:subfield code="0">Distribue : </marc:subfield>
      <marc:subfield code="3">13877441</marc:subfield>
      <marc:subfield code="a">Sire-Reprise</marc:subfield>
    </marc:datafield>
    <marc:datafield tag="516" ind1=" " ind2=" ">
      <marc:subfield code="5">z</marc:subfield>
      <marc:subfield code="0">Distribue : </marc:subfield>
      <marc:subfield code="3">13955529</marc:subfield>
      <marc:subfield code="a">Wea-Some Bizzare</marc:subfield>
    </marc:datafield>
    <marc:datafield tag="516" ind1=" " ind2=" ">
      <marc:subfield code="5">z</marc:subfield>
      <marc:subfield code="0">Distribue : </marc:subfield>
      <marc:subfield code="3">13955531</marc:subfield>
      <marc:subfield code="a">Elektra-Keia</marc:subfield>
    </marc:datafield>
    <marc:datafield tag="516" ind1=" " ind2=" ">
      <marc:subfield code="5">z</marc:subfield>
      <marc:subfield code="0">Distribue : </marc:subfield>
      <marc:subfield code="3">13955538</marc:subfield>
      <marc:subfield code="a">Red Dot</marc:subfield>
    </marc:datafield>
    <marc:datafield tag="516" ind1=" " ind2=" ">
      <marc:subfield code="5">z</marc:subfield>
      <marc:subfield code="0">Distribue : </marc:subfield>
      <marc:subfield code="3">13955539</marc:subfield>
      <marc:subfield code="a">Sire-Reprise-Maverick</marc:subfield>
    </marc:datafield>
    <marc:datafield tag="516" ind1=" " ind2=" ">
      <marc:subfield code="5">z</marc:subfield>
      <marc:subfield code="0">Distribue : </marc:subfield>
      <marc:subfield code="3">13876055</marc:subfield>
      <marc:subfield code="a">Korova</marc:subfield>
    </marc:datafield>
    <marc:datafield tag="516" ind1=" " ind2=" ">
      <marc:subfield code="5">z</marc:subfield>
      <marc:subfield code="0">Distribue : </marc:subfield>
      <marc:subfield code="3">13876673</marc:subfield>
      <marc:subfield code="a">Nonesuch</marc:subfield>
    </marc:datafield>
    <marc:datafield tag="516" ind1=" " ind2=" ">
      <marc:subfield code="5">z</marc:subfield>
      <marc:subfield code="0">Distribue : </marc:subfield>
      <marc:subfield code="3">13876788</marc:subfield>
      <marc:subfield code="a">Paisley Park</marc:subfield>
    </marc:datafield>
    <marc:datafield tag="516" ind1=" " ind2=" ">
      <marc:subfield code="5">z</marc:subfield>
      <marc:subfield code="0">Distribue : </marc:subfield>
      <marc:subfield code="3">13927021</marc:subfield>
      <marc:subfield code="a">Wea-pm</marc:subfield>
    </marc:datafield>
    <marc:datafield tag="516" ind1=" " ind2=" ">
      <marc:subfield code="5">z</marc:subfield>
      <marc:subfield code="0">Distribue : </marc:subfield>
      <marc:subfield code="3">13927022</marc:subfield>
      <marc:subfield code="a">WEA-Pra</marc:subfield>
    </marc:datafield>
    <marc:datafield tag="516" ind1=" " ind2=" ">
      <marc:subfield code="5">z</marc:subfield>
      <marc:subfield code="0">Distribue : </marc:subfield>
      <marc:subfield code="3">13955846</marc:subfield>
      <marc:subfield code="a">Warner Bros-Sire-I Square</marc:subfield>
    </marc:datafield>
    <marc:datafield tag="516" ind1=" " ind2=" ">
      <marc:subfield code="5">z</marc:subfield>
      <marc:subfield code="0">Distribue : </marc:subfield>
      <marc:subfield code="3">13878146</marc:subfield>
      <marc:subfield code="a">Warner Bros-Full Moon</marc:subfield>
    </marc:datafield>
    <marc:datafield tag="516" ind1=" " ind2=" ">
      <marc:subfield code="5">z</marc:subfield>
      <marc:subfield code="0">Distribue : </marc:subfield>
      <marc:subfield code="3">13957572</marc:subfield>
      <marc:subfield code="a">Teldec Historic</marc:subfield>
    </marc:datafield>
    <marc:datafield tag="516" ind1=" " ind2=" ">
      <marc:subfield code="5">z</marc:subfield>
      <marc:subfield code="0">Distribue : </marc:subfield>
      <marc:subfield code="3">13957575</marc:subfield>
      <marc:subfield code="a">Warner Bros-Mtv-Stiefel Phillips</marc:subfield>
    </marc:datafield>
    <marc:datafield tag="516" ind1=" " ind2=" ">
      <marc:subfield code="5">z</marc:subfield>
      <marc:subfield code="0">Distribue : </marc:subfield>
      <marc:subfield code="3">13957594</marc:subfield>
      <marc:subfield code="a">Reprise-MTV</marc:subfield>
    </marc:datafield>
    <marc:datafield tag="516" ind1=" " ind2=" ">
      <marc:subfield code="5">z</marc:subfield>
      <marc:subfield code="0">Distribue : </marc:subfield>
      <marc:subfield code="3">13876933</marc:subfield>
      <marc:subfield code="a">WEA-Telegram-MVG</marc:subfield>
    </marc:datafield>
    <marc:datafield tag="516" ind1=" " ind2=" ">
      <marc:subfield code="5">z</marc:subfield>
      <marc:subfield code="0">Distribue : </marc:subfield>
      <marc:subfield code="3">13965018</marc:subfield>
      <marc:subfield code="a">Elektra-Asylum</marc:subfield>
    </marc:datafield>
    <marc:datafield tag="516" ind1=" " ind2=" ">
      <marc:subfield code="5">z</marc:subfield>
      <marc:subfield code="0">Distribue : </marc:subfield>
      <marc:subfield code="3">13968220</marc:subfield>
      <marc:subfield code="a">WB-Western</marc:subfield>
    </marc:datafield>
    <marc:datafield tag="516" ind1=" " ind2=" ">
      <marc:subfield code="5">z</marc:subfield>
      <marc:subfield code="0">Distribue : </marc:subfield>
      <marc:subfield code="3">13966128</marc:subfield>
      <marc:subfield code="a">Wea-Mvg-Telegraph</marc:subfield>
    </marc:datafield>
    <marc:datafield tag="516" ind1=" " ind2=" ">
      <marc:subfield code="5">z</marc:subfield>
      <marc:subfield code="0">Distribue : </marc:subfield>
      <marc:subfield code="3">13874752</marc:subfield>
      <marc:subfield code="a">China</marc:subfield>
    </marc:datafield>
    <marc:datafield tag="516" ind1=" " ind2=" ">
      <marc:subfield code="5">z</marc:subfield>
      <marc:subfield code="0">Distribue : </marc:subfield>
      <marc:subfield code="3">13877616</marc:subfield>
      <marc:subfield code="a">China-Psycho</marc:subfield>
    </marc:datafield>
    <marc:datafield tag="516" ind1=" " ind2=" ">
      <marc:subfield code="5">z</marc:subfield>
      <marc:subfield code="0">Distribue : </marc:subfield>
      <marc:subfield code="3">13877627</marc:subfield>
      <marc:subfield code="a">Elektra-Mötley</marc:subfield>
    </marc:datafield>
    <marc:datafield tag="516" ind1=" " ind2=" ">
      <marc:subfield code="5">z</marc:subfield>
      <marc:subfield code="0">Distribue : </marc:subfield>
      <marc:subfield code="3">13876777</marc:subfield>
      <marc:subfield code="a">Pablo Today</marc:subfield>
    </marc:datafield>
    <marc:datafield tag="516" ind1=" " ind2=" ">
      <marc:subfield code="5">z</marc:subfield>
      <marc:subfield code="0">Distribue : </marc:subfield>
      <marc:subfield code="3">13875436</marc:subfield>
      <marc:subfield code="a">Finlandia</marc:subfield>
    </marc:datafield>
    <marc:datafield tag="516" ind1=" " ind2=" ">
      <marc:subfield code="5">z</marc:subfield>
      <marc:subfield code="0">Distribue : </marc:subfield>
      <marc:subfield code="3">13873779</marc:subfield>
      <marc:subfield code="a">Atlantic Jazz</marc:subfield>
    </marc:datafield>
    <marc:datafield tag="516" ind1=" " ind2=" ">
      <marc:subfield code="5">z</marc:subfield>
      <marc:subfield code="0">Distribue : </marc:subfield>
      <marc:subfield code="3">13970497</marc:subfield>
      <marc:subfield code="a">Reprise-Qwest-Joke</marc:subfield>
    </marc:datafield>
    <marc:datafield tag="516" ind1=" " ind2=" ">
      <marc:subfield code="5">z</marc:subfield>
      <marc:subfield code="0">Distribue : </marc:subfield>
      <marc:subfield code="3">13875244</marc:subfield>
      <marc:subfield code="a">Elektra-Musician</marc:subfield>
    </marc:datafield>
    <marc:datafield tag="516" ind1=" " ind2=" ">
      <marc:subfield code="5">z</marc:subfield>
      <marc:subfield code="0">Distribue : </marc:subfield>
      <marc:subfield code="3">13875349</marc:subfield>
      <marc:subfield code="a">Eternal</marc:subfield>
    </marc:datafield>
    <marc:datafield tag="516" ind1=" " ind2=" ">
      <marc:subfield code="5">z</marc:subfield>
      <marc:subfield code="0">Distribue : </marc:subfield>
      <marc:subfield code="3">13927107</marc:subfield>
      <marc:subfield code="a">Atlantic-Anthem</marc:subfield>
    </marc:datafield>
    <marc:datafield tag="516" ind1=" " ind2=" ">
      <marc:subfield code="5">z</marc:subfield>
      <marc:subfield code="0">Distribue : </marc:subfield>
      <marc:subfield code="3">13971561</marc:subfield>
      <marc:subfield code="a">WEA-Spacejunk</marc:subfield>
    </marc:datafield>
    <marc:datafield tag="516" ind1=" " ind2=" ">
      <marc:subfield code="5">z</marc:subfield>
      <marc:subfield code="0">Distribue : </marc:subfield>
      <marc:subfield code="3">13974661</marc:subfield>
      <marc:subfield code="a">Warner Music Netherlands</marc:subfield>
    </marc:datafield>
    <marc:datafield tag="516" ind1=" " ind2=" ">
      <marc:subfield code="5">z</marc:subfield>
      <marc:subfield code="0">Distribue : </marc:subfield>
      <marc:subfield code="3">13975042</marc:subfield>
      <marc:subfield code="a">East West-MVG</marc:subfield>
    </marc:datafield>
    <marc:datafield tag="516" ind1=" " ind2=" ">
      <marc:subfield code="5">z</marc:subfield>
      <marc:subfield code="0">Distribue : </marc:subfield>
      <marc:subfield code="3">13975360</marc:subfield>
      <marc:subfield code="a">Elektra-Swell</marc:subfield>
    </marc:datafield>
    <marc:datafield tag="516" ind1=" " ind2=" ">
      <marc:subfield code="5">z</marc:subfield>
      <marc:subfield code="0">Distribue : </marc:subfield>
      <marc:subfield code="3">13975363</marc:subfield>
      <marc:subfield code="a">Sire-Maverick-Lifestyles</marc:subfield>
    </marc:datafield>
    <marc:datafield tag="516" ind1=" " ind2=" ">
      <marc:subfield code="5">z</marc:subfield>
      <marc:subfield code="0">Distribue : </marc:subfield>
      <marc:subfield code="3">13975365</marc:subfield>
      <marc:subfield code="a">Embryo</marc:subfield>
    </marc:datafield>
    <marc:datafield tag="516" ind1=" " ind2=" ">
      <marc:subfield code="5">z</marc:subfield>
      <marc:subfield code="0">Distribue : </marc:subfield>
      <marc:subfield code="3">13976390</marc:subfield>
      <marc:subfield code="a">WB-Graphics</marc:subfield>
    </marc:datafield>
    <marc:datafield tag="516" ind1=" " ind2=" ">
      <marc:subfield code="5">z</marc:subfield>
      <marc:subfield code="0">Distribue : </marc:subfield>
      <marc:subfield code="3">13976590</marc:subfield>
      <marc:subfield code="a">WEA-N Gram</marc:subfield>
    </marc:datafield>
    <marc:datafield tag="516" ind1=" " ind2=" ">
      <marc:subfield code="5">z</marc:subfield>
      <marc:subfield code="0">Distribue : </marc:subfield>
      <marc:subfield code="3">13977305</marc:subfield>
      <marc:subfield code="a">Atlantic-Celtic Heartbeat</marc:subfield>
    </marc:datafield>
    <marc:datafield tag="516" ind1=" " ind2=" ">
      <marc:subfield code="5">z</marc:subfield>
      <marc:subfield code="0">Distribue : </marc:subfield>
      <marc:subfield code="3">13875129</marc:subfield>
      <marc:subfield code="a">Discovery</marc:subfield>
    </marc:datafield>
    <marc:datafield tag="516" ind1=" " ind2=" ">
      <marc:subfield code="5">z</marc:subfield>
      <marc:subfield code="0">Distribue : </marc:subfield>
      <marc:subfield code="3">13876552</marc:subfield>
      <marc:subfield code="a">Musicraft</marc:subfield>
    </marc:datafield>
    <marc:datafield tag="516" ind1=" " ind2=" ">
      <marc:subfield code="5">z</marc:subfield>
      <marc:subfield code="0">Distribue : </marc:subfield>
      <marc:subfield code="3">13977699</marc:subfield>
      <marc:subfield code="a">Downbeat</marc:subfield>
    </marc:datafield>
    <marc:datafield tag="516" ind1=" " ind2=" ">
      <marc:subfield code="5">z</marc:subfield>
      <marc:subfield code="0">Distribue : </marc:subfield>
      <marc:subfield code="3">13977701</marc:subfield>
      <marc:subfield code="a">WB-Archives</marc:subfield>
    </marc:datafield>
    <marc:datafield tag="516" ind1=" " ind2=" ">
      <marc:subfield code="5">z</marc:subfield>
      <marc:subfield code="0">Distribue : </marc:subfield>
      <marc:subfield code="3">13977702</marc:subfield>
      <marc:subfield code="a">Reprise Archives</marc:subfield>
    </marc:datafield>
    <marc:datafield tag="516" ind1=" " ind2=" ">
      <marc:subfield code="5">z</marc:subfield>
      <marc:subfield code="0">Distribue : </marc:subfield>
      <marc:subfield code="3">13875640</marc:subfield>
      <marc:subfield code="a">Good time jazz</marc:subfield>
    </marc:datafield>
    <marc:datafield tag="516" ind1=" " ind2=" ">
      <marc:subfield code="5">z</marc:subfield>
      <marc:subfield code="0">Distribue : </marc:subfield>
      <marc:subfield code="3">13978307</marc:subfield>
      <marc:subfield code="a">Maverick-Reprise</marc:subfield>
    </marc:datafield>
    <marc:datafield tag="516" ind1=" " ind2=" ">
      <marc:subfield code="5">z</marc:subfield>
      <marc:subfield code="0">Distribue : </marc:subfield>
      <marc:subfield code="3">13978313</marc:subfield>
      <marc:subfield code="a">Squint</marc:subfield>
    </marc:datafield>
    <marc:datafield tag="516" ind1=" " ind2=" ">
      <marc:subfield code="5">z</marc:subfield>
      <marc:subfield code="0">Distribue : </marc:subfield>
      <marc:subfield code="3">13980213</marc:subfield>
      <marc:subfield code="a">Maad-Dance Syndicate</marc:subfield>
    </marc:datafield>
    <marc:datafield tag="516" ind1=" " ind2=" ">
      <marc:subfield code="5">z</marc:subfield>
      <marc:subfield code="0">Distribue : </marc:subfield>
      <marc:subfield code="3">13980214</marc:subfield>
      <marc:subfield code="a">WB-Maverick</marc:subfield>
    </marc:datafield>
    <marc:datafield tag="516" ind1=" " ind2=" ">
      <marc:subfield code="5">z</marc:subfield>
      <marc:subfield code="0">Distribue : </marc:subfield>
      <marc:subfield code="3">13980222</marc:subfield>
      <marc:subfield code="a">Nonesuch-Roxbury</marc:subfield>
    </marc:datafield>
    <marc:datafield tag="516" ind1=" " ind2=" ">
      <marc:subfield code="5">z</marc:subfield>
      <marc:subfield code="0">Distribue : </marc:subfield>
      <marc:subfield code="3">13980227</marc:subfield>
      <marc:subfield code="a">WEA-Dig it International-Eternal</marc:subfield>
    </marc:datafield>
    <marc:datafield tag="516" ind1=" " ind2=" ">
      <marc:subfield code="5">z</marc:subfield>
      <marc:subfield code="0">Distribue : </marc:subfield>
      <marc:subfield code="3">13980228</marc:subfield>
      <marc:subfield code="a">WB-Upstairs</marc:subfield>
    </marc:datafield>
    <marc:datafield tag="516" ind1=" " ind2=" ">
      <marc:subfield code="5">z</marc:subfield>
      <marc:subfield code="0">Distribue : </marc:subfield>
      <marc:subfield code="3">13980301</marc:subfield>
      <marc:subfield code="a">Riverside-Original Jazz Classics</marc:subfield>
    </marc:datafield>
    <marc:datafield tag="516" ind1=" " ind2=" ">
      <marc:subfield code="5">z</marc:subfield>
      <marc:subfield code="0">Distribue : </marc:subfield>
      <marc:subfield code="3">13980302</marc:subfield>
      <marc:subfield code="a">Jazzland-Original Jazz Classics Limited Edition Series</marc:subfield>
    </marc:datafield>
    <marc:datafield tag="516" ind1=" " ind2=" ">
      <marc:subfield code="5">z</marc:subfield>
      <marc:subfield code="0">Distribue : </marc:subfield>
      <marc:subfield code="3">13980303</marc:subfield>
      <marc:subfield code="a">Contemporary-Original Jazz Classics Limited Edition Series</marc:subfield>
    </marc:datafield>
    <marc:datafield tag="516" ind1=" " ind2=" ">
      <marc:subfield code="5">z</marc:subfield>
      <marc:subfield code="0">Distribue : </marc:subfield>
      <marc:subfield code="3">13981404</marc:subfield>
      <marc:subfield code="a">WB-Metal Blade</marc:subfield>
    </marc:datafield>
    <marc:datafield tag="516" ind1=" " ind2=" ">
      <marc:subfield code="5">z</marc:subfield>
      <marc:subfield code="0">Distribue : </marc:subfield>
      <marc:subfield code="3">13981461</marc:subfield>
      <marc:subfield code="a">WEA-Club Culture</marc:subfield>
    </marc:datafield>
    <marc:datafield tag="516" ind1=" " ind2=" ">
      <marc:subfield code="5">z</marc:subfield>
      <marc:subfield code="0">Distribue : </marc:subfield>
      <marc:subfield code="3">13982678</marc:subfield>
      <marc:subfield code="a">Warner Bros-Nonesuch</marc:subfield>
    </marc:datafield>
    <marc:datafield tag="516" ind1=" " ind2=" ">
      <marc:subfield code="5">z</marc:subfield>
      <marc:subfield code="0">Distribue : </marc:subfield>
      <marc:subfield code="3">13954023</marc:subfield>
      <marc:subfield code="a">Sub Pop</marc:subfield>
    </marc:datafield>
    <marc:datafield tag="516" ind1=" " ind2=" ">
      <marc:subfield code="5">z</marc:subfield>
      <marc:subfield code="0">Distribue : </marc:subfield>
      <marc:subfield code="3">13982682</marc:subfield>
      <marc:subfield code="a">WEA-Warner Music Brasil</marc:subfield>
    </marc:datafield>
    <marc:datafield tag="516" ind1=" " ind2=" ">
      <marc:subfield code="5">z</marc:subfield>
      <marc:subfield code="0">Distribue : </marc:subfield>
      <marc:subfield code="3">13982766</marc:subfield>
      <marc:subfield code="a">Warner Bros-Malpaso</marc:subfield>
    </marc:datafield>
    <marc:datafield tag="516" ind1=" " ind2=" ">
      <marc:subfield code="5">z</marc:subfield>
      <marc:subfield code="0">A distribué : </marc:subfield>
      <marc:subfield code="3">13876369</marc:subfield>
      <marc:subfield code="7">ba0yba0y</marc:subfield>
      <marc:subfield code="8">fre   </marc:subfield>
      <marc:subfield code="a">Mega</marc:subfield>
      <marc:subfield code="c">Danemark</marc:subfield>
    </marc:datafield>
    <marc:datafield tag="516" ind1=" " ind2=" ">
      <marc:subfield code="5">z</marc:subfield>
      <marc:subfield code="0">Distribue : </marc:subfield>
      <marc:subfield code="3">13984393</marc:subfield>
      <marc:subfield code="a">Downbeat jungle</marc:subfield>
    </marc:datafield>
    <marc:datafield tag="516" ind1=" " ind2=" ">
      <marc:subfield code="5">z</marc:subfield>
      <marc:subfield code="0">Distribue : </marc:subfield>
      <marc:subfield code="3">13984524</marc:subfield>
      <marc:subfield code="a">Mega-Smart</marc:subfield>
    </marc:datafield>
    <marc:datafield tag="516" ind1=" " ind2=" ">
      <marc:subfield code="5">z</marc:subfield>
      <marc:subfield code="0">Distribue : </marc:subfield>
      <marc:subfield code="3">13984556</marc:subfield>
      <marc:subfield code="a">Warner Bros-NPG</marc:subfield>
    </marc:datafield>
    <marc:datafield tag="516" ind1=" " ind2=" ">
      <marc:subfield code="5">z</marc:subfield>
      <marc:subfield code="0">Distribue : </marc:subfield>
      <marc:subfield code="3">13984558</marc:subfield>
      <marc:subfield code="a">Elektra-Wu Tang</marc:subfield>
    </marc:datafield>
    <marc:datafield tag="516" ind1=" " ind2=" ">
      <marc:subfield code="5">z</marc:subfield>
      <marc:subfield code="0">Distribue : </marc:subfield>
      <marc:subfield code="3">13984560</marc:subfield>
      <marc:subfield code="a">WEA-Roslan Aziz</marc:subfield>
    </marc:datafield>
    <marc:datafield tag="516" ind1=" " ind2=" ">
      <marc:subfield code="5">z</marc:subfield>
      <marc:subfield code="0">Distribue : </marc:subfield>
      <marc:subfield code="3">13947179</marc:subfield>
      <marc:subfield code="a">Swe Mix</marc:subfield>
    </marc:datafield>
    <marc:datafield tag="516" ind1=" " ind2=" ">
      <marc:subfield code="5">z</marc:subfield>
      <marc:subfield code="0">Distribue : </marc:subfield>
      <marc:subfield code="3">13988568</marc:subfield>
      <marc:subfield code="a">New Jazz-Original Jazz Classics</marc:subfield>
    </marc:datafield>
    <marc:datafield tag="516" ind1=" " ind2=" ">
      <marc:subfield code="5">z</marc:subfield>
      <marc:subfield code="0">Distribue : </marc:subfield>
      <marc:subfield code="3">13988569</marc:subfield>
      <marc:subfield code="a">WEA-Eternal</marc:subfield>
    </marc:datafield>
    <marc:datafield tag="516" ind1=" " ind2=" ">
      <marc:subfield code="5">z</marc:subfield>
      <marc:subfield code="0">Distribue : </marc:subfield>
      <marc:subfield code="3">13988661</marc:subfield>
      <marc:subfield code="a">Dali</marc:subfield>
    </marc:datafield>
    <marc:datafield tag="516" ind1=" " ind2=" ">
      <marc:subfield code="5">z</marc:subfield>
      <marc:subfield code="0">Distribue : </marc:subfield>
      <marc:subfield code="3">13988662</marc:subfield>
      <marc:subfield code="a">Magneoton</marc:subfield>
    </marc:datafield>
    <marc:datafield tag="516" ind1=" " ind2=" ">
      <marc:subfield code="5">z</marc:subfield>
      <marc:subfield code="0">Distribue : </marc:subfield>
      <marc:subfield code="3">13988663</marc:subfield>
      <marc:subfield code="a">Red Hot-Kinetic</marc:subfield>
    </marc:datafield>
    <marc:datafield tag="516" ind1=" " ind2=" ">
      <marc:subfield code="5">z</marc:subfield>
      <marc:subfield code="0">Distribue : </marc:subfield>
      <marc:subfield code="3">13989573</marc:subfield>
      <marc:subfield code="a">Wea-Ferocious</marc:subfield>
    </marc:datafield>
    <marc:datafield tag="516" ind1=" " ind2=" ">
      <marc:subfield code="5">z</marc:subfield>
      <marc:subfield code="0">Distribue : </marc:subfield>
      <marc:subfield code="3">13989581</marc:subfield>
      <marc:subfield code="a">Premeditated</marc:subfield>
    </marc:datafield>
    <marc:datafield tag="516" ind1=" " ind2=" ">
      <marc:subfield code="5">z</marc:subfield>
      <marc:subfield code="0">Distribue : </marc:subfield>
      <marc:subfield code="3">13989603</marc:subfield>
      <marc:subfield code="a">Club Culture</marc:subfield>
    </marc:datafield>
    <marc:datafield tag="516" ind1=" " ind2=" ">
      <marc:subfield code="5">z</marc:subfield>
      <marc:subfield code="0">Distribue : </marc:subfield>
      <marc:subfield code="3">13989680</marc:subfield>
      <marc:subfield code="a">Stax-Enterprise</marc:subfield>
    </marc:datafield>
    <marc:datafield tag="516" ind1=" " ind2=" ">
      <marc:subfield code="5">z</marc:subfield>
      <marc:subfield code="0">Distribue : </marc:subfield>
      <marc:subfield code="3">13989739</marc:subfield>
      <marc:subfield code="a">Premeditated-Iceberg</marc:subfield>
    </marc:datafield>
    <marc:datafield tag="516" ind1=" " ind2=" ">
      <marc:subfield code="5">z</marc:subfield>
      <marc:subfield code="0">Distribue : </marc:subfield>
      <marc:subfield code="3">13948157</marc:subfield>
      <marc:subfield code="a">Wea-ufo</marc:subfield>
    </marc:datafield>
    <marc:datafield tag="516" ind1=" " ind2=" ">
      <marc:subfield code="5">z</marc:subfield>
      <marc:subfield code="0">Distribue : </marc:subfield>
      <marc:subfield code="3">13989747</marc:subfield>
      <marc:subfield code="a">Warner Bros-Curb</marc:subfield>
    </marc:datafield>
    <marc:datafield tag="516" ind1=" " ind2=" ">
      <marc:subfield code="5">z</marc:subfield>
      <marc:subfield code="0">Distribue : </marc:subfield>
      <marc:subfield code="3">13989779</marc:subfield>
      <marc:subfield code="a">France 3 Music</marc:subfield>
    </marc:datafield>
    <marc:datafield tag="516" ind1=" " ind2=" ">
      <marc:subfield code="5">z</marc:subfield>
      <marc:subfield code="0">Distribue : </marc:subfield>
      <marc:subfield code="3">13989933</marc:subfield>
      <marc:subfield code="a">Dig it international</marc:subfield>
    </marc:datafield>
    <marc:datafield tag="516" ind1=" " ind2=" ">
      <marc:subfield code="5">z</marc:subfield>
      <marc:subfield code="0">Distribue : </marc:subfield>
      <marc:subfield code="3">13991125</marc:subfield>
      <marc:subfield code="a">Elektra-Sire-Hifi</marc:subfield>
    </marc:datafield>
    <marc:datafield tag="516" ind1=" " ind2=" ">
      <marc:subfield code="5">z</marc:subfield>
      <marc:subfield code="0">Distribue : </marc:subfield>
      <marc:subfield code="3">13992107</marc:subfield>
      <marc:subfield code="a">Elektra-Violator-Flipmode</marc:subfield>
    </marc:datafield>
    <marc:datafield tag="516" ind1=" " ind2=" ">
      <marc:subfield code="5">z</marc:subfield>
      <marc:subfield code="0">Distribue : </marc:subfield>
      <marc:subfield code="3">13992160</marc:subfield>
      <marc:subfield code="a">Black music ol'skool</marc:subfield>
    </marc:datafield>
    <marc:datafield tag="516" ind1=" " ind2=" ">
      <marc:subfield code="5">z</marc:subfield>
      <marc:subfield code="0">Distribue : </marc:subfield>
      <marc:subfield code="3">13992842</marc:subfield>
      <marc:subfield code="a">Umd</marc:subfield>
    </marc:datafield>
    <marc:datafield tag="516" ind1=" " ind2=" ">
      <marc:subfield code="5">z</marc:subfield>
      <marc:subfield code="0">Distribue : </marc:subfield>
      <marc:subfield code="3">13992885</marc:subfield>
      <marc:subfield code="a">WB-Tattoo</marc:subfield>
    </marc:datafield>
    <marc:datafield tag="516" ind1=" " ind2=" ">
      <marc:subfield code="5">z</marc:subfield>
      <marc:subfield code="0">Distribue : </marc:subfield>
      <marc:subfield code="3">13994200</marc:subfield>
      <marc:subfield code="a">Elektra-Marvelous</marc:subfield>
    </marc:datafield>
    <marc:datafield tag="516" ind1=" " ind2=" ">
      <marc:subfield code="5">z</marc:subfield>
      <marc:subfield code="0">Distribue : </marc:subfield>
      <marc:subfield code="3">13995678</marc:subfield>
      <marc:subfield code="a">WB-Quilombo</marc:subfield>
    </marc:datafield>
    <marc:datafield tag="516" ind1=" " ind2=" ">
      <marc:subfield code="5">z</marc:subfield>
      <marc:subfield code="0">Distribue : </marc:subfield>
      <marc:subfield code="3">13995679</marc:subfield>
      <marc:subfield code="a">Contemporary-Original Jazz Classics XXXXX</marc:subfield>
    </marc:datafield>
    <marc:datafield tag="516" ind1=" " ind2=" ">
      <marc:subfield code="5">z</marc:subfield>
      <marc:subfield code="0">Distribue : </marc:subfield>
      <marc:subfield code="3">13995681</marc:subfield>
      <marc:subfield code="a">Pablo Today-Original Jazz Classics</marc:subfield>
    </marc:datafield>
    <marc:datafield tag="516" ind1=" " ind2=" ">
      <marc:subfield code="5">z</marc:subfield>
      <marc:subfield code="0">Distribue : </marc:subfield>
      <marc:subfield code="3">13995687</marc:subfield>
      <marc:subfield code="a">Tag-Igloo</marc:subfield>
    </marc:datafield>
    <marc:datafield tag="516" ind1=" " ind2=" ">
      <marc:subfield code="5">z</marc:subfield>
      <marc:subfield code="0">Distribue : </marc:subfield>
      <marc:subfield code="3">13995692</marc:subfield>
      <marc:subfield code="a">Atlantic-Be!</marc:subfield>
    </marc:datafield>
    <marc:datafield tag="516" ind1=" " ind2=" ">
      <marc:subfield code="5">z</marc:subfield>
      <marc:subfield code="0">Distribue : </marc:subfield>
      <marc:subfield code="3">13996112</marc:subfield>
      <marc:subfield code="a">WEA-Downbeat</marc:subfield>
    </marc:datafield>
    <marc:datafield tag="516" ind1=" " ind2=" ">
      <marc:subfield code="5">z</marc:subfield>
      <marc:subfield code="0">Distribue : </marc:subfield>
      <marc:subfield code="3">13996119</marc:subfield>
      <marc:subfield code="a">Vapor</marc:subfield>
    </marc:datafield>
    <marc:datafield tag="516" ind1=" " ind2=" ">
      <marc:subfield code="5">z</marc:subfield>
      <marc:subfield code="0">Distribue : </marc:subfield>
      <marc:subfield code="3">13996120</marc:subfield>
      <marc:subfield code="a">WB-Black music-ol'skool</marc:subfield>
    </marc:datafield>
    <marc:datafield tag="516" ind1=" " ind2=" ">
      <marc:subfield code="5">z</marc:subfield>
      <marc:subfield code="0">Distribue : </marc:subfield>
      <marc:subfield code="3">13996143</marc:subfield>
      <marc:subfield code="a">Different Drummer</marc:subfield>
    </marc:datafield>
    <marc:datafield tag="516" ind1=" " ind2=" ">
      <marc:subfield code="5">z</marc:subfield>
      <marc:subfield code="0">Distribue : </marc:subfield>
      <marc:subfield code="3">13998110</marc:subfield>
      <marc:subfield code="a">Warner Bros-Imago</marc:subfield>
    </marc:datafield>
    <marc:datafield tag="516" ind1=" " ind2=" ">
      <marc:subfield code="5">z</marc:subfield>
      <marc:subfield code="0">Distribue : </marc:subfield>
      <marc:subfield code="3">13998131</marc:subfield>
      <marc:subfield code="a">WEA-Swe Mix</marc:subfield>
    </marc:datafield>
    <marc:datafield tag="516" ind1=" " ind2=" ">
      <marc:subfield code="5">z</marc:subfield>
      <marc:subfield code="0">Distribue : </marc:subfield>
      <marc:subfield code="3">13999132</marc:subfield>
      <marc:subfield code="a">Face Value</marc:subfield>
    </marc:datafield>
    <marc:datafield tag="516" ind1=" " ind2=" ">
      <marc:subfield code="5">z</marc:subfield>
      <marc:subfield code="0">Distribue : </marc:subfield>
      <marc:subfield code="3">14001933</marc:subfield>
      <marc:subfield code="a">Eternal Blanco Y Negro</marc:subfield>
    </marc:datafield>
    <marc:datafield tag="516" ind1=" " ind2=" ">
      <marc:subfield code="5">z</marc:subfield>
      <marc:subfield code="0">Distribue : </marc:subfield>
      <marc:subfield code="3">14002440</marc:subfield>
      <marc:subfield code="a">Telegram</marc:subfield>
    </marc:datafield>
    <marc:datafield tag="516" ind1=" " ind2=" ">
      <marc:subfield code="5">z</marc:subfield>
      <marc:subfield code="0">Distribue : </marc:subfield>
      <marc:subfield code="3">14002473</marc:subfield>
      <marc:subfield code="a">Debut-Jazz workshop</marc:subfield>
    </marc:datafield>
    <marc:datafield tag="516" ind1=" " ind2=" ">
      <marc:subfield code="5">z</marc:subfield>
      <marc:subfield code="0">Distribue : </marc:subfield>
      <marc:subfield code="3">13925526</marc:subfield>
      <marc:subfield code="a">Starvision</marc:subfield>
    </marc:datafield>
    <marc:datafield tag="516" ind1=" " ind2=" ">
      <marc:subfield code="5">z</marc:subfield>
      <marc:subfield code="0">Distribue : </marc:subfield>
      <marc:subfield code="3">14002539</marc:subfield>
      <marc:subfield code="a">Eye of the storm</marc:subfield>
    </marc:datafield>
    <marc:datafield tag="516" ind1=" " ind2=" ">
      <marc:subfield code="5">z</marc:subfield>
      <marc:subfield code="0">Distribue : </marc:subfield>
      <marc:subfield code="3">13970581</marc:subfield>
      <marc:subfield code="a">Maad</marc:subfield>
    </marc:datafield>
    <marc:datafield tag="516" ind1=" " ind2=" ">
      <marc:subfield code="5">z</marc:subfield>
      <marc:subfield code="0">Distribue : </marc:subfield>
      <marc:subfield code="3">13999097</marc:subfield>
      <marc:subfield code="a">Warner Sunset</marc:subfield>
    </marc:datafield>
    <marc:datafield tag="516" ind1=" " ind2=" ">
      <marc:subfield code="5">z</marc:subfield>
      <marc:subfield code="0">Distribue : </marc:subfield>
      <marc:subfield code="3">14004689</marc:subfield>
      <marc:subfield code="a">Warner Bros-Sunset</marc:subfield>
    </marc:datafield>
    <marc:datafield tag="516" ind1=" " ind2=" ">
      <marc:subfield code="5">z</marc:subfield>
      <marc:subfield code="0">Distribue : </marc:subfield>
      <marc:subfield code="3">14006391</marc:subfield>
      <marc:subfield code="a">Warner Bros-Ra Records</marc:subfield>
    </marc:datafield>
    <marc:datafield tag="516" ind1=" " ind2=" ">
      <marc:subfield code="5">z</marc:subfield>
      <marc:subfield code="0">Distribue : </marc:subfield>
      <marc:subfield code="3">14010336</marc:subfield>
      <marc:subfield code="a">Carton rouge</marc:subfield>
    </marc:datafield>
    <marc:datafield tag="516" ind1=" " ind2=" ">
      <marc:subfield code="5">z</marc:subfield>
      <marc:subfield code="0">Distribue : </marc:subfield>
      <marc:subfield code="3">14012645</marc:subfield>
      <marc:subfield code="a">Indochina</marc:subfield>
    </marc:datafield>
    <marc:datafield tag="516" ind1=" " ind2=" ">
      <marc:subfield code="5">z</marc:subfield>
      <marc:subfield code="0">Distribue : </marc:subfield>
      <marc:subfield code="3">14012648</marc:subfield>
      <marc:subfield code="a">Erato Detour</marc:subfield>
    </marc:datafield>
    <marc:datafield tag="516" ind1=" " ind2=" ">
      <marc:subfield code="5">z</marc:subfield>
      <marc:subfield code="0">Distribue : </marc:subfield>
      <marc:subfield code="3">14013055</marc:subfield>
      <marc:subfield code="a">Filter</marc:subfield>
    </marc:datafield>
    <marc:datafield tag="516" ind1=" " ind2=" ">
      <marc:subfield code="5">z</marc:subfield>
      <marc:subfield code="0">Distribue : </marc:subfield>
      <marc:subfield code="3">14013559</marc:subfield>
      <marc:subfield code="a">Bruto</marc:subfield>
    </marc:datafield>
    <marc:datafield tag="516" ind1=" " ind2=" ">
      <marc:subfield code="5">z</marc:subfield>
      <marc:subfield code="0">Distribue : </marc:subfield>
      <marc:subfield code="3">14014759</marc:subfield>
      <marc:subfield code="a">Nlon</marc:subfield>
    </marc:datafield>
    <marc:datafield tag="516" ind1=" " ind2=" ">
      <marc:subfield code="5">z</marc:subfield>
      <marc:subfield code="0">Distribue : </marc:subfield>
      <marc:subfield code="3">13877105</marc:subfield>
      <marc:subfield code="a">Dorado</marc:subfield>
    </marc:datafield>
    <marc:datafield tag="516" ind1=" " ind2=" ">
      <marc:subfield code="5">z</marc:subfield>
      <marc:subfield code="0">Distribue : </marc:subfield>
      <marc:subfield code="3">14019994</marc:subfield>
      <marc:subfield code="a">Atrium</marc:subfield>
    </marc:datafield>
    <marc:datafield tag="516" ind1=" " ind2=" ">
      <marc:subfield code="5">z</marc:subfield>
      <marc:subfield code="0">Distribue : </marc:subfield>
      <marc:subfield code="3">14020954</marc:subfield>
      <marc:subfield code="a">Multiply</marc:subfield>
    </marc:datafield>
    <marc:datafield tag="516" ind1=" " ind2=" ">
      <marc:subfield code="5">z</marc:subfield>
      <marc:subfield code="0">Distribue : </marc:subfield>
      <marc:subfield code="3">14024366</marc:subfield>
      <marc:subfield code="a">Juste pour rire</marc:subfield>
    </marc:datafield>
    <marc:datafield tag="516" ind1=" " ind2=" ">
      <marc:subfield code="5">z</marc:subfield>
      <marc:subfield code="0">Distribue : </marc:subfield>
      <marc:subfield code="3">13877562</marc:subfield>
      <marc:subfield code="a">Stax</marc:subfield>
    </marc:datafield>
    <marc:datafield tag="516" ind1=" " ind2=" ">
      <marc:subfield code="5">z</marc:subfield>
      <marc:subfield code="0">Distribue : </marc:subfield>
      <marc:subfield code="3">13956055</marc:subfield>
      <marc:subfield code="a">Bluesville</marc:subfield>
    </marc:datafield>
    <marc:datafield tag="516" ind1=" " ind2=" ">
      <marc:subfield code="5">z</marc:subfield>
      <marc:subfield code="0">Distribue : </marc:subfield>
      <marc:subfield code="3">14025157</marc:subfield>
      <marc:subfield code="7">ba0yba0y</marc:subfield>
      <marc:subfield code="8">fre   </marc:subfield>
      <marc:subfield code="a">Warner Classics</marc:subfield>
    </marc:datafield>
    <marc:datafield tag="516" ind1=" " ind2=" ">
      <marc:subfield code="5">z</marc:subfield>
      <marc:subfield code="0">Distribue : </marc:subfield>
      <marc:subfield code="3">14026847</marc:subfield>
      <marc:subfield code="a">Violator</marc:subfield>
    </marc:datafield>
    <marc:datafield tag="516" ind1=" " ind2=" ">
      <marc:subfield code="5">z</marc:subfield>
      <marc:subfield code="0">Distribue : </marc:subfield>
      <marc:subfield code="3">14026904</marc:subfield>
      <marc:subfield code="a">Flashback</marc:subfield>
    </marc:datafield>
    <marc:datafield tag="516" ind1=" " ind2=" ">
      <marc:subfield code="5">z</marc:subfield>
      <marc:subfield code="0">Distribue : </marc:subfield>
      <marc:subfield code="3">14026929</marc:subfield>
      <marc:subfield code="a">Essential recordings</marc:subfield>
    </marc:datafield>
    <marc:datafield tag="516" ind1=" " ind2=" ">
      <marc:subfield code="5">z</marc:subfield>
      <marc:subfield code="0">Distribue : </marc:subfield>
      <marc:subfield code="3">14026945</marc:subfield>
      <marc:subfield code="a">Elektra-Squint</marc:subfield>
    </marc:datafield>
    <marc:datafield tag="516" ind1=" " ind2=" ">
      <marc:subfield code="5">z</marc:subfield>
      <marc:subfield code="0">Distribue : </marc:subfield>
      <marc:subfield code="3">14028033</marc:subfield>
      <marc:subfield code="a">BGP</marc:subfield>
    </marc:datafield>
    <marc:datafield tag="516" ind1=" " ind2=" ">
      <marc:subfield code="5">z</marc:subfield>
      <marc:subfield code="0">Distribue : </marc:subfield>
      <marc:subfield code="3">14028506</marc:subfield>
      <marc:subfield code="a">Ahí-Namá</marc:subfield>
    </marc:datafield>
    <marc:datafield tag="516" ind1=" " ind2=" ">
      <marc:subfield code="5">z</marc:subfield>
      <marc:subfield code="0">Distribue : </marc:subfield>
      <marc:subfield code="3">14029432</marc:subfield>
      <marc:subfield code="a">FutureFlex</marc:subfield>
    </marc:datafield>
    <marc:datafield tag="516" ind1=" " ind2=" ">
      <marc:subfield code="5">z</marc:subfield>
      <marc:subfield code="0">Distribue : </marc:subfield>
      <marc:subfield code="3">13877985</marc:subfield>
      <marc:subfield code="a">Vanguard</marc:subfield>
    </marc:datafield>
    <marc:datafield tag="516" ind1=" " ind2=" ">
      <marc:subfield code="5">z</marc:subfield>
      <marc:subfield code="0">Distribue : </marc:subfield>
      <marc:subfield code="3">14029597</marc:subfield>
      <marc:subfield code="a">Four faces communications</marc:subfield>
    </marc:datafield>
    <marc:datafield tag="516" ind1=" " ind2=" ">
      <marc:subfield code="5">z</marc:subfield>
      <marc:subfield code="0">Distribue : </marc:subfield>
      <marc:subfield code="3">14029598</marc:subfield>
      <marc:subfield code="a">Riverside-Fantasy</marc:subfield>
    </marc:datafield>
    <marc:datafield tag="516" ind1=" " ind2=" ">
      <marc:subfield code="5">z</marc:subfield>
      <marc:subfield code="0">Distribue : </marc:subfield>
      <marc:subfield code="3">14029600</marc:subfield>
      <marc:subfield code="a">Prestige-Fantasy</marc:subfield>
    </marc:datafield>
    <marc:datafield tag="516" ind1=" " ind2=" ">
      <marc:subfield code="5">z</marc:subfield>
      <marc:subfield code="0">Distribue : </marc:subfield>
      <marc:subfield code="3">14029601</marc:subfield>
      <marc:subfield code="a">Pablo-Prestige</marc:subfield>
    </marc:datafield>
    <marc:datafield tag="516" ind1=" " ind2=" ">
      <marc:subfield code="5">z</marc:subfield>
      <marc:subfield code="0">Distribue : </marc:subfield>
      <marc:subfield code="3">14031550</marc:subfield>
      <marc:subfield code="a">Swingville</marc:subfield>
    </marc:datafield>
    <marc:datafield tag="516" ind1=" " ind2=" ">
      <marc:subfield code="5">z</marc:subfield>
      <marc:subfield code="0">Distribue : </marc:subfield>
      <marc:subfield code="3">14033407</marc:subfield>
      <marc:subfield code="a">Eternal-4 play</marc:subfield>
    </marc:datafield>
    <marc:datafield tag="516" ind1=" " ind2=" ">
      <marc:subfield code="5">z</marc:subfield>
      <marc:subfield code="0">Distribue : </marc:subfield>
      <marc:subfield code="3">14025963</marc:subfield>
      <marc:subfield code="a">Rythmix</marc:subfield>
    </marc:datafield>
    <marc:datafield tag="516" ind1=" " ind2=" ">
      <marc:subfield code="5">z</marc:subfield>
      <marc:subfield code="0">Distribue : </marc:subfield>
      <marc:subfield code="3">14033493</marc:subfield>
      <marc:subfield code="a">360 records-WEA</marc:subfield>
    </marc:datafield>
    <marc:datafield tag="516" ind1=" " ind2=" ">
      <marc:subfield code="5">z</marc:subfield>
      <marc:subfield code="0">Distribue : </marc:subfield>
      <marc:subfield code="3">14033496</marc:subfield>
      <marc:subfield code="a">Milkk records-WEA</marc:subfield>
    </marc:datafield>
    <marc:datafield tag="516" ind1=" " ind2=" ">
      <marc:subfield code="5">z</marc:subfield>
      <marc:subfield code="0">Distribue : </marc:subfield>
      <marc:subfield code="3">14033509</marc:subfield>
      <marc:subfield code="a">Warner Sunset-Atlantic</marc:subfield>
    </marc:datafield>
    <marc:datafield tag="516" ind1=" " ind2=" ">
      <marc:subfield code="5">z</marc:subfield>
      <marc:subfield code="0">Distribue : </marc:subfield>
      <marc:subfield code="3">14033597</marc:subfield>
      <marc:subfield code="a">Deep culture-Vivienne records</marc:subfield>
    </marc:datafield>
    <marc:datafield tag="516" ind1=" " ind2=" ">
      <marc:subfield code="5">z</marc:subfield>
      <marc:subfield code="0">Distribue : </marc:subfield>
      <marc:subfield code="3">14034683</marc:subfield>
      <marc:subfield code="a">Ffrr-Public demand</marc:subfield>
    </marc:datafield>
    <marc:datafield tag="516" ind1=" " ind2=" ">
      <marc:subfield code="5">z</marc:subfield>
      <marc:subfield code="0">Distribue : </marc:subfield>
      <marc:subfield code="3">14034693</marc:subfield>
      <marc:subfield code="a">Libertine-East West</marc:subfield>
    </marc:datafield>
    <marc:datafield tag="801" ind1=" " ind2=" ">
      <marc:subfield code="a">FR</marc:subfield>
      <marc:subfield code="b">FR-751131015</marc:subfield>
      <marc:subfield code="c">20181030</marc:subfield>
    </marc:datafield>
    <marc:datafield tag="810" ind1=" " ind2=" ">
      <marc:subfield code="a">Musique info hebdo, n °155, 2001-02-16</marc:subfield>
    </marc:datafield>
    <marc:datafield tag="856" ind1=" " ind2=" ">
      <marc:subfield code="u">http://www.warnermusic.fr</marc:subfield>
      <marc:subfield code="e">2017-03-30</marc:subfield>
    </marc:datafield>
  </marc:record>