
  <marc:record>
    <marc:leader>01940cx  l2200349   4500</marc:leader>
    <marc:controlfield tag="001">FRBNF119750860</marc:controlfield>
    <marc:controlfield tag="003">http://catalogue.bnf.fr/ark:/12148/cb119750862</marc:controlfield>
    <marc:controlfield tag="005">20130215</marc:controlfield>
    <marc:datafield tag="039" ind1=" " ind2=" ">
      <marc:subfield code="o">OPL</marc:subfield>
      <marc:subfield code="a">002110342</marc:subfield>
    </marc:datafield>
    <marc:datafield tag="100" ind1=" " ind2=" ">
      <marc:subfield code="a">19850620afrey50      ba0</marc:subfield>
    </marc:datafield>
    <marc:datafield tag="106" ind1=" " ind2=" ">
      <marc:subfield code="a">211</marc:subfield>
    </marc:datafield>
    <marc:datafield tag="152" ind1=" " ind2=" ">
      <marc:subfield code="b">rameau</marc:subfield>
      <marc:subfield code="c">2</marc:subfield>
    </marc:datafield>
    <marc:datafield tag="180" ind1=" " ind2=" ">
      <marc:subfield code="a">b</marc:subfield>
    </marc:datafield>
    <marc:datafield tag="280" ind1=" " ind2="0">
      <marc:subfield code="7">ba0yba0y</marc:subfield>
      <marc:subfield code="8">fre   </marc:subfield>
      <marc:subfield code="a">Théâtre radiophonique</marc:subfield>
    </marc:datafield>
    <marc:datafield tag="305" ind1="1" ind2=" ">
      <marc:subfield code="a">Voir aussi les vedettes du type Théâtre radiophonique [adjectif de langue, de nationalité ou géographique]</marc:subfield>
    </marc:datafield>
    <marc:datafield tag="305" ind1="1" ind2=" ">
      <marc:subfield code="a">Voir aussi la subdivision de forme Adaptations radiophoniques aux littératures, personnes et titres</marc:subfield>
    </marc:datafield>
    <marc:datafield tag="330" ind1=" " ind2=" ">
      <marc:subfield code="a">Sous cette vedette, on trouve les recueils de pièces radiophoniques de divers pays ou en diverses langues</marc:subfield>
    </marc:datafield>
    <marc:datafield tag="480" ind1=" " ind2="0">
      <marc:subfield code="7">ba0yba0y</marc:subfield>
      <marc:subfield code="8">fre   </marc:subfield>
      <marc:subfield code="9">  2</marc:subfield>
      <marc:subfield code="a">Audiodrames</marc:subfield>
    </marc:datafield>
    <marc:datafield tag="480" ind1=" " ind2="0">
      <marc:subfield code="7">ba0yba0y</marc:subfield>
      <marc:subfield code="8">fre   </marc:subfield>
      <marc:subfield code="a">Dramatiques radiophoniques</marc:subfield>
    </marc:datafield>
    <marc:datafield tag="480" ind1=" " ind2="0">
      <marc:subfield code="7">ba0yba0y</marc:subfield>
      <marc:subfield code="8">fre   </marc:subfield>
      <marc:subfield code="a">Pièces radiophoniques</marc:subfield>
    </marc:datafield>
    <marc:datafield tag="480" ind1=" " ind2="0">
      <marc:subfield code="7">ba0yba0y</marc:subfield>
      <marc:subfield code="8">fre   </marc:subfield>
      <marc:subfield code="a">Radio</marc:subfield>
      <marc:subfield code="x">Émissions dramatiques</marc:subfield>
    </marc:datafield>
    <marc:datafield tag="550" ind1=" " ind2=" ">
      <marc:subfield code="5">z</marc:subfield>
      <marc:subfield code="0">Voir aussi</marc:subfield>
      <marc:subfield code="3">12377120</marc:subfield>
      <marc:subfield code="7">ba0yba0y</marc:subfield>
      <marc:subfield code="8">fre   </marc:subfield>
      <marc:subfield code="a">Adaptations radiophoniques</marc:subfield>
    </marc:datafield>
    <marc:datafield tag="550" ind1=" " ind2=" ">
      <marc:subfield code="5">z</marc:subfield>
      <marc:subfield code="0">Voir aussi</marc:subfield>
      <marc:subfield code="3">12214966</marc:subfield>
      <marc:subfield code="7">ba0yba0y</marc:subfield>
      <marc:subfield code="8">fre   </marc:subfield>
      <marc:subfield code="a">Radio et littérature</marc:subfield>
    </marc:datafield>
    <marc:datafield tag="550" ind1=" " ind2=" ">
      <marc:subfield code="5">g</marc:subfield>
      <marc:subfield code="3">13318434</marc:subfield>
      <marc:subfield code="7">ba0yba0y</marc:subfield>
      <marc:subfield code="8">fre   </marc:subfield>
      <marc:subfield code="a">Radio</marc:subfield>
      <marc:subfield code="x">Émissions</marc:subfield>
    </marc:datafield>
    <marc:datafield tag="580" ind1=" " ind2="0">
      <marc:subfield code="5">g</marc:subfield>
      <marc:subfield code="3">11939701</marc:subfield>
      <marc:subfield code="7">ba0yba0y</marc:subfield>
      <marc:subfield code="8">fre   </marc:subfield>
      <marc:subfield code="a">Théâtre (genre littéraire)</marc:subfield>
    </marc:datafield>
    <marc:datafield tag="686" ind1=" " ind2=" ">
      <marc:subfield code="a">791</marc:subfield>
      <marc:subfield code="c">Audiovisuel</marc:subfield>
      <marc:subfield code="2">Note de regroupement par domaine</marc:subfield>
    </marc:datafield>
    <marc:datafield tag="686" ind1=" " ind2=" ">
      <marc:subfield code="a">801</marc:subfield>
      <marc:subfield code="c">Poésie</marc:subfield>
      <marc:subfield code="2">Note de regroupement par domaine</marc:subfield>
    </marc:datafield>
    <marc:datafield tag="801" ind1=" " ind2=" ">
      <marc:subfield code="a">FR</marc:subfield>
      <marc:subfield code="b">FR-751131015</marc:subfield>
      <marc:subfield code="c">20130215</marc:subfield>
    </marc:datafield>
    <marc:datafield tag="810" ind1=" " ind2=" ">
      <marc:subfield code="a">Encycl. universalis (art. : Allemand, théâtre) - http://www.universalis-edu.com (2013-02-11)</marc:subfield>
    </marc:datafield>
    <marc:datafield tag="810" ind1=" " ind2=" ">
      <marc:subfield code="a">Dict. des arts du spectacle / C. Giteau, 1970</marc:subfield>
      <marc:subfield code="a">Dict. encyclopédique du théâtre / M. Corvin, 1998</marc:subfield>
      <marc:subfield code="a">Radio mystères : le théâtre radiophonique policier, fantastique et de science-fiction / J. Baudou, 1997</marc:subfield>
    </marc:datafield>
    <marc:datafield tag="822" ind1="1" ind2=" ">
      <marc:subfield code="a">Radio plays</marc:subfield>
      <marc:subfield code="2">LCSH</marc:subfield>
      <marc:subfield code="u">http://id.loc.gov/authorities/subjects/sh85110529</marc:subfield>
      <marc:subfield code="d">2017-02-09</marc:subfield>
    </marc:datafield>
    <marc:datafield tag="856" ind1=" " ind2=" ">
      <marc:subfield code="u">http://www.universalis-edu.com</marc:subfield>
      <marc:subfield code="e">2013-02-11</marc:subfield>
    </marc:datafield>
  </marc:record>