
  <marc:record>
    <marc:leader>01210cx  a2200301   4500</marc:leader>
    <marc:controlfield tag="001">FRBNF140012577</marc:controlfield>
    <marc:controlfield tag="003">http://catalogue.bnf.fr/ark:/12148/cb14001257g</marc:controlfield>
    <marc:controlfield tag="005">20110309</marc:controlfield>
    <marc:datafield tag="010" ind1=" " ind2=" ">
      <marc:subfield code="a">0000000110447015</marc:subfield>
      <marc:subfield code="2">VIAF</marc:subfield>
      <marc:subfield code="d">20130801</marc:subfield>
    </marc:datafield>
    <marc:datafield tag="039" ind1=" " ind2=" ">
      <marc:subfield code="o">OPP</marc:subfield>
      <marc:subfield code="a">14679781</marc:subfield>
      <marc:subfield code="d">20070326</marc:subfield>
    </marc:datafield>
    <marc:datafield tag="100" ind1=" " ind2=" ">
      <marc:subfield code="a">19970429afrey50      ba0</marc:subfield>
    </marc:datafield>
    <marc:datafield tag="102" ind1=" " ind2=" ">
      <marc:subfield code="a">GB</marc:subfield>
    </marc:datafield>
    <marc:datafield tag="103" ind1=" " ind2=" ">
      <marc:subfield code="a"> 19171222  20070317 </marc:subfield>
    </marc:datafield>
    <marc:datafield tag="105" ind1=" " ind2=" ">
      <marc:subfield code="a">a</marc:subfield>
      <marc:subfield code="a">c</marc:subfield>
    </marc:datafield>
    <marc:datafield tag="106" ind1=" " ind2=" ">
      <marc:subfield code="a">010</marc:subfield>
    </marc:datafield>
    <marc:datafield tag="120" ind1=" " ind2=" ">
      <marc:subfield code="a">b</marc:subfield>
    </marc:datafield>
    <marc:datafield tag="152" ind1=" " ind2=" ">
      <marc:subfield code="c">2</marc:subfield>
    </marc:datafield>
    <marc:datafield tag="200" ind1=" " ind2=" ">
      <marc:subfield code="7">ba0yba0y</marc:subfield>
      <marc:subfield code="8">fre   </marc:subfield>
      <marc:subfield code="9"> 0 </marc:subfield>
      <marc:subfield code="a">Francis</marc:subfield>
      <marc:subfield code="b">Freddie</marc:subfield>
      <marc:subfield code="f">1917-2007</marc:subfield>
    </marc:datafield>
    <marc:datafield tag="300" ind1=" " ind2=" ">
      <marc:subfield code="a">Opérateur et réalisateur de films fantastiques et d'horreurs.</marc:subfield>
    </marc:datafield>
    <marc:datafield tag="530" ind1=" " ind2=" ">
      <marc:subfield code="5">z</marc:subfield>
      <marc:subfield code="0">Réalisateur de : </marc:subfield>
      <marc:subfield code="3">17940347</marc:subfield>
      <marc:subfield code="a">The doctor and the devils (film)</marc:subfield>
    </marc:datafield>
    <marc:datafield tag="530" ind1=" " ind2=" ">
      <marc:subfield code="5">z</marc:subfield>
      <marc:subfield code="0">Réalisateur de : </marc:subfield>
      <marc:subfield code="3">17908767</marc:subfield>
      <marc:subfield code="a">The evil of Frankenstein (film)</marc:subfield>
    </marc:datafield>
    <marc:datafield tag="530" ind1=" " ind2=" ">
      <marc:subfield code="5">z</marc:subfield>
      <marc:subfield code="0">Réalisateur de : </marc:subfield>
      <marc:subfield code="3">17133705</marc:subfield>
      <marc:subfield code="a">The skull (film)</marc:subfield>
    </marc:datafield>
    <marc:datafield tag="530" ind1=" " ind2=" ">
      <marc:subfield code="5">z</marc:subfield>
      <marc:subfield code="0">Réalisateur de : </marc:subfield>
      <marc:subfield code="3">16472893</marc:subfield>
      <marc:subfield code="a">Dracula has risen from the grave (film)</marc:subfield>
    </marc:datafield>
    <marc:datafield tag="530" ind1=" " ind2=" ">
      <marc:subfield code="5">z</marc:subfield>
      <marc:subfield code="0">Réalisateur de : </marc:subfield>
      <marc:subfield code="3">16462149</marc:subfield>
      <marc:subfield code="a">The Ghoul (film)</marc:subfield>
    </marc:datafield>
    <marc:datafield tag="530" ind1=" " ind2=" ">
      <marc:subfield code="5">z</marc:subfield>
      <marc:subfield code="0">Réalisateur de : </marc:subfield>
      <marc:subfield code="3">16460944</marc:subfield>
      <marc:subfield code="a">Nightmare (film ; 1964)</marc:subfield>
    </marc:datafield>
    <marc:datafield tag="530" ind1=" " ind2=" ">
      <marc:subfield code="5">z</marc:subfield>
      <marc:subfield code="0">Réalisateur de : </marc:subfield>
      <marc:subfield code="3">16457331</marc:subfield>
      <marc:subfield code="a">The Psychopath (film)</marc:subfield>
    </marc:datafield>
    <marc:datafield tag="801" ind1=" " ind2=" ">
      <marc:subfield code="a">FR</marc:subfield>
      <marc:subfield code="b">FR-751131015</marc:subfield>
      <marc:subfield code="c">20110309</marc:subfield>
    </marc:datafield>
    <marc:datafield tag="810" ind1=" " ind2=" ">
      <marc:subfield code="a">Dict. du cinéma. T1 / Jean Tulard, 1982</marc:subfield>
      <marc:subfield code="a">Monde, 2007-03-24</marc:subfield>
    </marc:datafield>
  </marc:record>