
  <marc:record>
    <marc:leader>01419cx  b2200337   4500</marc:leader>
    <marc:controlfield tag="001">FRBNF131676426</marc:controlfield>
    <marc:controlfield tag="003">http://catalogue.bnf.fr/ark:/12148/cb131676428</marc:controlfield>
    <marc:controlfield tag="005">20070607</marc:controlfield>
    <marc:datafield tag="010" ind1=" " ind2=" ">
      <marc:subfield code="a">0000000121913894</marc:subfield>
      <marc:subfield code="2">VIAF</marc:subfield>
      <marc:subfield code="d">20130730</marc:subfield>
    </marc:datafield>
    <marc:datafield tag="039" ind1=" " ind2=" ">
      <marc:subfield code="o">OPL</marc:subfield>
      <marc:subfield code="a">013415594</marc:subfield>
    </marc:datafield>
    <marc:datafield tag="039" ind1=" " ind2=" ">
      <marc:subfield code="o">OPP</marc:subfield>
      <marc:subfield code="a">13881066</marc:subfield>
      <marc:subfield code="d">20070607</marc:subfield>
    </marc:datafield>
    <marc:datafield tag="039" ind1=" " ind2=" ">
      <marc:subfield code="o">OPP</marc:subfield>
      <marc:subfield code="a">14281563</marc:subfield>
      <marc:subfield code="d">20170731</marc:subfield>
    </marc:datafield>
    <marc:datafield tag="100" ind1=" " ind2=" ">
      <marc:subfield code="a">19970908afrey50      ba0</marc:subfield>
    </marc:datafield>
    <marc:datafield tag="101" ind1=" " ind2=" ">
      <marc:subfield code="a">eng</marc:subfield>
    </marc:datafield>
    <marc:datafield tag="102" ind1=" " ind2=" ">
      <marc:subfield code="a">GB</marc:subfield>
    </marc:datafield>
    <marc:datafield tag="105" ind1=" " ind2=" ">
      <marc:subfield code="c">a</marc:subfield>
      <marc:subfield code="d">h</marc:subfield>
      <marc:subfield code="a">a</marc:subfield>
    </marc:datafield>
    <marc:datafield tag="106" ind1=" " ind2=" ">
      <marc:subfield code="a">010</marc:subfield>
    </marc:datafield>
    <marc:datafield tag="150" ind1=" " ind2=" ">
      <marc:subfield code="a">y</marc:subfield>
      <marc:subfield code="b">c4  </marc:subfield>
    </marc:datafield>
    <marc:datafield tag="152" ind1=" " ind2=" ">
      <marc:subfield code="c">2</marc:subfield>
    </marc:datafield>
    <marc:datafield tag="210" ind1=" " ind2=" ">
      <marc:subfield code="7">ba0yba0y</marc:subfield>
      <marc:subfield code="8">fre   </marc:subfield>
      <marc:subfield code="9">20 </marc:subfield>
      <marc:subfield code="a">Hammer Film Productions</marc:subfield>
    </marc:datafield>
    <marc:datafield tag="300" ind1=" " ind2=" ">
      <marc:subfield code="a">Société de production cinématographique britannique fondée par William Hammer en 1934 (Hammer Productions ltd.). En 1948, se met en place la Hammer Films. Spécialisée dans les films fantastiques, sous l'impulsion de Terence Fisher, elle deviendra la plus importante des compagnies de production britanniques</marc:subfield>
    </marc:datafield>
    <marc:datafield tag="410" ind1=" " ind2=" ">
      <marc:subfield code="7">ba0yba0y</marc:subfield>
      <marc:subfield code="8">fre   </marc:subfield>
      <marc:subfield code="a">Hammer</marc:subfield>
    </marc:datafield>
    <marc:datafield tag="410" ind1=" " ind2=" ">
      <marc:subfield code="7">ba0yba0y</marc:subfield>
      <marc:subfield code="8">fre   </marc:subfield>
      <marc:subfield code="a">Hammer Films</marc:subfield>
    </marc:datafield>
    <marc:datafield tag="410" ind1=" " ind2=" ">
      <marc:subfield code="7">ba0yba0y</marc:subfield>
      <marc:subfield code="8">fre   </marc:subfield>
      <marc:subfield code="a">Hammer Productions ltd.</marc:subfield>
    </marc:datafield>
    <marc:datafield tag="410" ind1=" " ind2=" ">
      <marc:subfield code="7">ba0yba0y</marc:subfield>
      <marc:subfield code="8">fre   </marc:subfield>
      <marc:subfield code="a">Studios Hammer</marc:subfield>
    </marc:datafield>
    <marc:datafield tag="550" ind1=" " ind2=" ">
      <marc:subfield code="5">g</marc:subfield>
      <marc:subfield code="3">13167644</marc:subfield>
      <marc:subfield code="7">ba0yba0y</marc:subfield>
      <marc:subfield code="8">fre   </marc:subfield>
      <marc:subfield code="a">Sociétés de production de cinéma</marc:subfield>
      <marc:subfield code="y">Grande-Bretagne</marc:subfield>
    </marc:datafield>
    <marc:datafield tag="686" ind1=" " ind2=" ">
      <marc:subfield code="a">791</marc:subfield>
      <marc:subfield code="c">Audiovisuel</marc:subfield>
      <marc:subfield code="2">Note de regroupement par domaine</marc:subfield>
    </marc:datafield>
    <marc:datafield tag="801" ind1=" " ind2=" ">
      <marc:subfield code="a">FR</marc:subfield>
      <marc:subfield code="b">FR-751131015</marc:subfield>
      <marc:subfield code="c">20070607</marc:subfield>
    </marc:datafield>
    <marc:datafield tag="810" ind1=" " ind2=" ">
      <marc:subfield code="a">LC Names (CD), 1996-03</marc:subfield>
    </marc:datafield>
    <marc:datafield tag="810" ind1=" " ind2=" ">
      <marc:subfield code="a">Dict. du ciné. / dir. Passek, 1995</marc:subfield>
    </marc:datafield>
    <marc:datafield tag="815" ind1=" " ind2=" ">
      <marc:subfield code="a">BN ACO (en ligne), 1997-09-08</marc:subfield>
    </marc:datafield>
  </marc:record>