
  <marc:record>
    <marc:leader>06068cx  l2201021   4500</marc:leader>
    <marc:controlfield tag="001">FRBNF119310195</marc:controlfield>
    <marc:controlfield tag="003">http://catalogue.bnf.fr/ark:/12148/cb119310194</marc:controlfield>
    <marc:controlfield tag="005">20220909</marc:controlfield>
    <marc:datafield tag="039" ind1=" " ind2=" ">
      <marc:subfield code="o">OPL</marc:subfield>
      <marc:subfield code="a">001515786</marc:subfield>
    </marc:datafield>
    <marc:datafield tag="039" ind1=" " ind2=" ">
      <marc:subfield code="o">OPL</marc:subfield>
      <marc:subfield code="a">010284218</marc:subfield>
    </marc:datafield>
    <marc:datafield tag="039" ind1=" " ind2=" ">
      <marc:subfield code="o">OPP</marc:subfield>
      <marc:subfield code="a">12398690</marc:subfield>
      <marc:subfield code="d">20220909</marc:subfield>
    </marc:datafield>
    <marc:datafield tag="100" ind1=" " ind2=" ">
      <marc:subfield code="a">19840426afrey50      ba0</marc:subfield>
    </marc:datafield>
    <marc:datafield tag="106" ind1=" " ind2=" ">
      <marc:subfield code="a">201</marc:subfield>
    </marc:datafield>
    <marc:datafield tag="152" ind1=" " ind2=" ">
      <marc:subfield code="b">rameau</marc:subfield>
      <marc:subfield code="c">2</marc:subfield>
    </marc:datafield>
    <marc:datafield tag="180" ind1=" " ind2=" ">
      <marc:subfield code="a">a</marc:subfield>
    </marc:datafield>
    <marc:datafield tag="280" ind1=" " ind2="0">
      <marc:subfield code="7">ba0yba0y</marc:subfield>
      <marc:subfield code="8">fre   </marc:subfield>
      <marc:subfield code="a">Bandes dessinées</marc:subfield>
    </marc:datafield>
    <marc:datafield tag="330" ind1=" " ind2=" ">
      <marc:subfield code="a">S'emploie également en subdivision</marc:subfield>
    </marc:datafield>
    <marc:datafield tag="480" ind1=" " ind2="0">
      <marc:subfield code="7">ba0yba0y</marc:subfield>
      <marc:subfield code="8">fre   </marc:subfield>
      <marc:subfield code="a">9e art</marc:subfield>
    </marc:datafield>
    <marc:datafield tag="480" ind1=" " ind2="0">
      <marc:subfield code="7">ba0yba0y</marc:subfield>
      <marc:subfield code="8">fre   </marc:subfield>
      <marc:subfield code="a">Bande dessinée</marc:subfield>
    </marc:datafield>
    <marc:datafield tag="480" ind1=" " ind2="0">
      <marc:subfield code="7">ba0yba0y</marc:subfield>
      <marc:subfield code="8">fre   </marc:subfield>
      <marc:subfield code="a">Bandes illustrées</marc:subfield>
    </marc:datafield>
    <marc:datafield tag="480" ind1=" " ind2="0">
      <marc:subfield code="7">ba0yba0y</marc:subfield>
      <marc:subfield code="8">fre   </marc:subfield>
      <marc:subfield code="a">BD</marc:subfield>
    </marc:datafield>
    <marc:datafield tag="480" ind1=" " ind2="0">
      <marc:subfield code="7">ba0yba0y</marc:subfield>
      <marc:subfield code="8">fre   </marc:subfield>
      <marc:subfield code="a">Bédé</marc:subfield>
    </marc:datafield>
    <marc:datafield tag="480" ind1=" " ind2="0">
      <marc:subfield code="7">ba0yba0y</marc:subfield>
      <marc:subfield code="8">fre   </marc:subfield>
      <marc:subfield code="a">Cahiers, chroniques, etc.</marc:subfield>
      <marc:subfield code="x">Bandes dessinées</marc:subfield>
    </marc:datafield>
    <marc:datafield tag="480" ind1=" " ind2="0">
      <marc:subfield code="7">ba0yba0y</marc:subfield>
      <marc:subfield code="8">fre   </marc:subfield>
      <marc:subfield code="a">Cartoons</marc:subfield>
    </marc:datafield>
    <marc:datafield tag="480" ind1=" " ind2="0">
      <marc:subfield code="7">ba0yba0y</marc:subfield>
      <marc:subfield code="8">fre   </marc:subfield>
      <marc:subfield code="a">Comic books</marc:subfield>
    </marc:datafield>
    <marc:datafield tag="480" ind1=" " ind2="0">
      <marc:subfield code="7">ba0yba0y</marc:subfield>
      <marc:subfield code="8">fre   </marc:subfield>
      <marc:subfield code="a">Contribution à la bande dessinée</marc:subfield>
    </marc:datafield>
    <marc:datafield tag="480" ind1=" " ind2="0">
      <marc:subfield code="7">ba0yba0y</marc:subfield>
      <marc:subfield code="8">fre   </marc:subfield>
      <marc:subfield code="a">Et la bande dessinée</marc:subfield>
    </marc:datafield>
    <marc:datafield tag="480" ind1=" " ind2="0">
      <marc:subfield code="7">ba0yba0y</marc:subfield>
      <marc:subfield code="8">fre   </marc:subfield>
      <marc:subfield code="a">Et les bandes dessinées</marc:subfield>
    </marc:datafield>
    <marc:datafield tag="480" ind1=" " ind2="0">
      <marc:subfield code="7">ba0yba0y</marc:subfield>
      <marc:subfield code="8">fre   </marc:subfield>
      <marc:subfield code="a">Neuvième art</marc:subfield>
    </marc:datafield>
    <marc:datafield tag="480" ind1=" " ind2="0">
      <marc:subfield code="7">ba0yba0y</marc:subfield>
      <marc:subfield code="8">fre   </marc:subfield>
      <marc:subfield code="a">Récit dessiné</marc:subfield>
    </marc:datafield>
    <marc:datafield tag="550" ind1=" " ind2=" ">
      <marc:subfield code="5">z</marc:subfield>
      <marc:subfield code="0">Voir aussi</marc:subfield>
      <marc:subfield code="3">17928992</marc:subfield>
      <marc:subfield code="7">ba0yba0y</marc:subfield>
      <marc:subfield code="8">fre   </marc:subfield>
      <marc:subfield code="a">Adaptations en bandes dessinées</marc:subfield>
    </marc:datafield>
    <marc:datafield tag="550" ind1=" " ind2=" ">
      <marc:subfield code="5">z</marc:subfield>
      <marc:subfield code="0">Voir aussi</marc:subfield>
      <marc:subfield code="3">16753537</marc:subfield>
      <marc:subfield code="7">ba0yba0y</marc:subfield>
      <marc:subfield code="8">fre   </marc:subfield>
      <marc:subfield code="a">Bandes dessinées</marc:subfield>
      <marc:subfield code="x">Technique</marc:subfield>
    </marc:datafield>
    <marc:datafield tag="550" ind1=" " ind2=" ">
      <marc:subfield code="5">z</marc:subfield>
      <marc:subfield code="0">Voir aussi</marc:subfield>
      <marc:subfield code="3">12214390</marc:subfield>
      <marc:subfield code="7">ba0yba0y</marc:subfield>
      <marc:subfield code="8">fre   </marc:subfield>
      <marc:subfield code="a">Bandes dessinées et adolescents</marc:subfield>
    </marc:datafield>
    <marc:datafield tag="550" ind1=" " ind2=" ">
      <marc:subfield code="5">z</marc:subfield>
      <marc:subfield code="0">Voir aussi</marc:subfield>
      <marc:subfield code="3">11939310</marc:subfield>
      <marc:subfield code="7">ba0yba0y</marc:subfield>
      <marc:subfield code="8">fre   </marc:subfield>
      <marc:subfield code="a">Bandes dessinées et enfants</marc:subfield>
    </marc:datafield>
    <marc:datafield tag="550" ind1=" " ind2=" ">
      <marc:subfield code="5">z</marc:subfield>
      <marc:subfield code="0">Voir aussi</marc:subfield>
      <marc:subfield code="3">12384423</marc:subfield>
      <marc:subfield code="7">ba0yba0y</marc:subfield>
      <marc:subfield code="8">fre   </marc:subfield>
      <marc:subfield code="a">Cinéma et bandes dessinées</marc:subfield>
    </marc:datafield>
    <marc:datafield tag="550" ind1=" " ind2=" ">
      <marc:subfield code="5">z</marc:subfield>
      <marc:subfield code="0">Voir aussi</marc:subfield>
      <marc:subfield code="3">16242227</marc:subfield>
      <marc:subfield code="7">ba0yba0y</marc:subfield>
      <marc:subfield code="8">fre   </marc:subfield>
      <marc:subfield code="a">Dans les bandes dessinées</marc:subfield>
    </marc:datafield>
    <marc:datafield tag="550" ind1=" " ind2=" ">
      <marc:subfield code="5">z</marc:subfield>
      <marc:subfield code="0">Voir aussi</marc:subfield>
      <marc:subfield code="3">12154401</marc:subfield>
      <marc:subfield code="7">ba0yba0y</marc:subfield>
      <marc:subfield code="8">fre   </marc:subfield>
      <marc:subfield code="a">Dessinateurs de bandes dessinées</marc:subfield>
    </marc:datafield>
    <marc:datafield tag="550" ind1=" " ind2=" ">
      <marc:subfield code="5">z</marc:subfield>
      <marc:subfield code="0">Voir aussi</marc:subfield>
      <marc:subfield code="3">13505616</marc:subfield>
      <marc:subfield code="7">ba0yba0y</marc:subfield>
      <marc:subfield code="8">fre   </marc:subfield>
      <marc:subfield code="a">Droit d'auteur</marc:subfield>
      <marc:subfield code="x">Bandes dessinées</marc:subfield>
    </marc:datafield>
    <marc:datafield tag="550" ind1=" " ind2=" ">
      <marc:subfield code="5">z</marc:subfield>
      <marc:subfield code="0">Voir aussi</marc:subfield>
      <marc:subfield code="3">13178089</marc:subfield>
      <marc:subfield code="7">ba0yba0y</marc:subfield>
      <marc:subfield code="8">fre   </marc:subfield>
      <marc:subfield code="a">Festivals de bandes dessinées</marc:subfield>
    </marc:datafield>
    <marc:datafield tag="550" ind1=" " ind2=" ">
      <marc:subfield code="5">z</marc:subfield>
      <marc:subfield code="0">Voir aussi</marc:subfield>
      <marc:subfield code="3">16948594</marc:subfield>
      <marc:subfield code="7">ba0yba0y</marc:subfield>
      <marc:subfield code="8">fre   </marc:subfield>
      <marc:subfield code="a">Figurines de bandes dessinées</marc:subfield>
    </marc:datafield>
    <marc:datafield tag="550" ind1=" " ind2=" ">
      <marc:subfield code="5">z</marc:subfield>
      <marc:subfield code="0">Voir aussi</marc:subfield>
      <marc:subfield code="3">12398689</marc:subfield>
      <marc:subfield code="7">ba0yba0y</marc:subfield>
      <marc:subfield code="8">fre   </marc:subfield>
      <marc:subfield code="a">Bandes dessinées</marc:subfield>
      <marc:subfield code="x">Dans la presse</marc:subfield>
    </marc:datafield>
    <marc:datafield tag="550" ind1=" " ind2=" ">
      <marc:subfield code="5">z</marc:subfield>
      <marc:subfield code="0">Voir aussi</marc:subfield>
      <marc:subfield code="3">12228671</marc:subfield>
      <marc:subfield code="7">ba0yba0y</marc:subfield>
      <marc:subfield code="8">fre   </marc:subfield>
      <marc:subfield code="a">Personnages de bandes dessinées, dessins animés, etc.</marc:subfield>
    </marc:datafield>
    <marc:datafield tag="550" ind1=" " ind2=" ">
      <marc:subfield code="5">z</marc:subfield>
      <marc:subfield code="0">Voir aussi</marc:subfield>
      <marc:subfield code="3">12262236</marc:subfield>
      <marc:subfield code="7">ba0yba0y</marc:subfield>
      <marc:subfield code="8">fre   </marc:subfield>
      <marc:subfield code="a">Scénaristes de bandes dessinées</marc:subfield>
    </marc:datafield>
    <marc:datafield tag="550" ind1=" " ind2=" ">
      <marc:subfield code="5">z</marc:subfield>
      <marc:subfield code="0">Voir aussi</marc:subfield>
      <marc:subfield code="3">12084977</marc:subfield>
      <marc:subfield code="7">ba0yba0y</marc:subfield>
      <marc:subfield code="8">fre   </marc:subfield>
      <marc:subfield code="a">Sémiotique et bandes dessinées</marc:subfield>
    </marc:datafield>
    <marc:datafield tag="550" ind1=" " ind2=" ">
      <marc:subfield code="5">h</marc:subfield>
      <marc:subfield code="3">12009570</marc:subfield>
      <marc:subfield code="7">ba0yba0y</marc:subfield>
      <marc:subfield code="8">fre   </marc:subfield>
      <marc:subfield code="a">Bandes dessinées en éducation</marc:subfield>
    </marc:datafield>
    <marc:datafield tag="550" ind1=" " ind2=" ">
      <marc:subfield code="5">g</marc:subfield>
      <marc:subfield code="3">12144912</marc:subfield>
      <marc:subfield code="7">ba0yba0y</marc:subfield>
      <marc:subfield code="8">fre   </marc:subfield>
      <marc:subfield code="a">Chroniques artistiques</marc:subfield>
    </marc:datafield>
    <marc:datafield tag="550" ind1=" " ind2=" ">
      <marc:subfield code="5">g</marc:subfield>
      <marc:subfield code="3">11936223</marc:subfield>
      <marc:subfield code="7">ba0yba0y</marc:subfield>
      <marc:subfield code="8">fre   </marc:subfield>
      <marc:subfield code="a">Dessin</marc:subfield>
    </marc:datafield>
    <marc:datafield tag="550" ind1=" " ind2=" ">
      <marc:subfield code="5">g</marc:subfield>
      <marc:subfield code="3">11933015</marc:subfield>
      <marc:subfield code="7">ba0yba0y</marc:subfield>
      <marc:subfield code="8">fre   </marc:subfield>
      <marc:subfield code="a">Paralittérature</marc:subfield>
    </marc:datafield>
    <marc:datafield tag="580" ind1=" " ind2="0">
      <marc:subfield code="5">z</marc:subfield>
      <marc:subfield code="0">Voir aussi</marc:subfield>
      <marc:subfield code="3">11947583</marc:subfield>
      <marc:subfield code="7">ba0yba0y</marc:subfield>
      <marc:subfield code="8">fre   </marc:subfield>
      <marc:subfield code="a">Fanzines</marc:subfield>
    </marc:datafield>
    <marc:datafield tag="580" ind1=" " ind2="0">
      <marc:subfield code="5">z</marc:subfield>
      <marc:subfield code="0">Voir aussi</marc:subfield>
      <marc:subfield code="3">17056806</marc:subfield>
      <marc:subfield code="7">ba0yba0y</marc:subfield>
      <marc:subfield code="8">fre   </marc:subfield>
      <marc:subfield code="a">Mooks</marc:subfield>
    </marc:datafield>
    <marc:datafield tag="580" ind1=" " ind2="0">
      <marc:subfield code="5">h</marc:subfield>
      <marc:subfield code="3">16741791</marc:subfield>
      <marc:subfield code="7">ba0yba0y</marc:subfield>
      <marc:subfield code="8">fre   </marc:subfield>
      <marc:subfield code="a">Bandes dessinées autobiographiques</marc:subfield>
    </marc:datafield>
    <marc:datafield tag="580" ind1=" " ind2="0">
      <marc:subfield code="5">h</marc:subfield>
      <marc:subfield code="3">16741802</marc:subfield>
      <marc:subfield code="7">ba0yba0y</marc:subfield>
      <marc:subfield code="8">fre   </marc:subfield>
      <marc:subfield code="a">Bandes dessinées biographiques</marc:subfield>
    </marc:datafield>
    <marc:datafield tag="580" ind1=" " ind2="0">
      <marc:subfield code="5">h</marc:subfield>
      <marc:subfield code="3">17740503</marc:subfield>
      <marc:subfield code="7">ba0yba0y</marc:subfield>
      <marc:subfield code="8">fre   </marc:subfield>
      <marc:subfield code="a">Bandes dessinées chrétiennes</marc:subfield>
    </marc:datafield>
    <marc:datafield tag="580" ind1=" " ind2="0">
      <marc:subfield code="5">h</marc:subfield>
      <marc:subfield code="3">16998689</marc:subfield>
      <marc:subfield code="7">ba0yba0y</marc:subfield>
      <marc:subfield code="8">fre   </marc:subfield>
      <marc:subfield code="a">Bandes dessinées d'aventures</marc:subfield>
    </marc:datafield>
    <marc:datafield tag="580" ind1=" " ind2="0">
      <marc:subfield code="5">h</marc:subfield>
      <marc:subfield code="3">18017005</marc:subfield>
      <marc:subfield code="7">ba0yba0y</marc:subfield>
      <marc:subfield code="8">fre   </marc:subfield>
      <marc:subfield code="a">Bandes dessinées d'épouvante</marc:subfield>
    </marc:datafield>
    <marc:datafield tag="580" ind1=" " ind2="0">
      <marc:subfield code="5">h</marc:subfield>
      <marc:subfield code="3">16742576</marc:subfield>
      <marc:subfield code="7">ba0yba0y</marc:subfield>
      <marc:subfield code="8">fre   </marc:subfield>
      <marc:subfield code="a">Bandes dessinées de fantasy</marc:subfield>
    </marc:datafield>
    <marc:datafield tag="580" ind1=" " ind2="0">
      <marc:subfield code="5">h</marc:subfield>
      <marc:subfield code="3">17867476</marc:subfield>
      <marc:subfield code="7">ba0yba0y</marc:subfield>
      <marc:subfield code="8">fre   </marc:subfield>
      <marc:subfield code="a">Bandes dessinées de guerre</marc:subfield>
    </marc:datafield>
    <marc:datafield tag="580" ind1=" " ind2="0">
      <marc:subfield code="5">h</marc:subfield>
      <marc:subfield code="3">12478770</marc:subfield>
      <marc:subfield code="7">ba0yba0y</marc:subfield>
      <marc:subfield code="8">fre   </marc:subfield>
      <marc:subfield code="a">Bandes dessinées de poche</marc:subfield>
    </marc:datafield>
    <marc:datafield tag="580" ind1=" " ind2="0">
      <marc:subfield code="5">h</marc:subfield>
      <marc:subfield code="3">16678073</marc:subfield>
      <marc:subfield code="7">ba0yba0y</marc:subfield>
      <marc:subfield code="8">fre   </marc:subfield>
      <marc:subfield code="a">Bandes dessinées de reportage</marc:subfield>
    </marc:datafield>
    <marc:datafield tag="580" ind1=" " ind2="0">
      <marc:subfield code="5">h</marc:subfield>
      <marc:subfield code="3">16555397</marc:subfield>
      <marc:subfield code="7">ba0yba0y</marc:subfield>
      <marc:subfield code="8">fre   </marc:subfield>
      <marc:subfield code="a">Bandes dessinées de science-fiction</marc:subfield>
    </marc:datafield>
    <marc:datafield tag="580" ind1=" " ind2="0">
      <marc:subfield code="5">h</marc:subfield>
      <marc:subfield code="3">17865914</marc:subfield>
      <marc:subfield code="7">ba0yba0y</marc:subfield>
      <marc:subfield code="8">fre   </marc:subfield>
      <marc:subfield code="a">Bandes dessinées de thriller</marc:subfield>
    </marc:datafield>
    <marc:datafield tag="580" ind1=" " ind2="0">
      <marc:subfield code="5">h</marc:subfield>
      <marc:subfield code="3">11982431</marc:subfield>
      <marc:subfield code="7">ba0yba0y</marc:subfield>
      <marc:subfield code="8">fre   </marc:subfield>
      <marc:subfield code="a">Bandes dessinées de western</marc:subfield>
    </marc:datafield>
    <marc:datafield tag="580" ind1=" " ind2="0">
      <marc:subfield code="5">h</marc:subfield>
      <marc:subfield code="3">17104035</marc:subfield>
      <marc:subfield code="7">ba0yba0y</marc:subfield>
      <marc:subfield code="8">fre   </marc:subfield>
      <marc:subfield code="a">Bandes dessinées documentaires</marc:subfield>
    </marc:datafield>
    <marc:datafield tag="580" ind1=" " ind2="0">
      <marc:subfield code="5">h</marc:subfield>
      <marc:subfield code="3">12262211</marc:subfield>
      <marc:subfield code="7">ba0yba0y</marc:subfield>
      <marc:subfield code="8">fre   </marc:subfield>
      <marc:subfield code="a">Bandes dessinées érotiques</marc:subfield>
    </marc:datafield>
    <marc:datafield tag="580" ind1=" " ind2="0">
      <marc:subfield code="5">h</marc:subfield>
      <marc:subfield code="3">16555383</marc:subfield>
      <marc:subfield code="7">ba0yba0y</marc:subfield>
      <marc:subfield code="8">fre   </marc:subfield>
      <marc:subfield code="a">Bandes dessinées fantastiques</marc:subfield>
    </marc:datafield>
    <marc:datafield tag="580" ind1=" " ind2="0">
      <marc:subfield code="5">h</marc:subfield>
      <marc:subfield code="3">16588001</marc:subfield>
      <marc:subfield code="7">ba0yba0y</marc:subfield>
      <marc:subfield code="8">fre   </marc:subfield>
      <marc:subfield code="a">Bandes dessinées historiques</marc:subfield>
    </marc:datafield>
    <marc:datafield tag="580" ind1=" " ind2="0">
      <marc:subfield code="5">h</marc:subfield>
      <marc:subfield code="3">16555361</marc:subfield>
      <marc:subfield code="7">ba0yba0y</marc:subfield>
      <marc:subfield code="8">fre   </marc:subfield>
      <marc:subfield code="a">Bandes dessinées humoristiques</marc:subfield>
    </marc:datafield>
    <marc:datafield tag="580" ind1=" " ind2="0">
      <marc:subfield code="5">h</marc:subfield>
      <marc:subfield code="3">17924093</marc:subfield>
      <marc:subfield code="7">ba0yba0y</marc:subfield>
      <marc:subfield code="8">fre   </marc:subfield>
      <marc:subfield code="a">Bandes dessinées muettes</marc:subfield>
    </marc:datafield>
    <marc:datafield tag="580" ind1=" " ind2="0">
      <marc:subfield code="5">h</marc:subfield>
      <marc:subfield code="3">12537944</marc:subfield>
      <marc:subfield code="7">ba0yba0y</marc:subfield>
      <marc:subfield code="8">fre   </marc:subfield>
      <marc:subfield code="a">Bandes dessinées policières</marc:subfield>
    </marc:datafield>
    <marc:datafield tag="580" ind1=" " ind2="0">
      <marc:subfield code="5">h</marc:subfield>
      <marc:subfield code="3">17706141</marc:subfield>
      <marc:subfield code="7">ba0yba0y</marc:subfield>
      <marc:subfield code="8">fre   </marc:subfield>
      <marc:subfield code="a">Bandes dessinées sentimentales</marc:subfield>
    </marc:datafield>
    <marc:datafield tag="580" ind1=" " ind2="0">
      <marc:subfield code="5">h</marc:subfield>
      <marc:subfield code="3">16742857</marc:subfield>
      <marc:subfield code="7">ba0yba0y</marc:subfield>
      <marc:subfield code="8">fre   </marc:subfield>
      <marc:subfield code="a">Bandes dessinées steampunk</marc:subfield>
    </marc:datafield>
    <marc:datafield tag="580" ind1=" " ind2="0">
      <marc:subfield code="5">h</marc:subfield>
      <marc:subfield code="3">15792849</marc:subfield>
      <marc:subfield code="7">ba0yba0y</marc:subfield>
      <marc:subfield code="8">fre   </marc:subfield>
      <marc:subfield code="a">Bandes dessinées sur le web</marc:subfield>
    </marc:datafield>
    <marc:datafield tag="580" ind1=" " ind2="0">
      <marc:subfield code="5">h</marc:subfield>
      <marc:subfield code="3">12262220</marc:subfield>
      <marc:subfield code="7">ba0yba0y</marc:subfield>
      <marc:subfield code="8">fre   </marc:subfield>
      <marc:subfield code="a">Bandes dessinées underground</marc:subfield>
    </marc:datafield>
    <marc:datafield tag="580" ind1=" " ind2="0">
      <marc:subfield code="5">h</marc:subfield>
      <marc:subfield code="3">17150517</marc:subfield>
      <marc:subfield code="7">ba0yba0y</marc:subfield>
      <marc:subfield code="8">freeng</marc:subfield>
      <marc:subfield code="a">Comics</marc:subfield>
    </marc:datafield>
    <marc:datafield tag="580" ind1=" " ind2="0">
      <marc:subfield code="5">h</marc:subfield>
      <marc:subfield code="3">12464282</marc:subfield>
      <marc:subfield code="7">ba0yba0y</marc:subfield>
      <marc:subfield code="8">fre   </marc:subfield>
      <marc:subfield code="a">Mangas</marc:subfield>
    </marc:datafield>
    <marc:datafield tag="580" ind1=" " ind2="0">
      <marc:subfield code="5">h</marc:subfield>
      <marc:subfield code="3">17009709</marc:subfield>
      <marc:subfield code="7">ba0yba0y</marc:subfield>
      <marc:subfield code="8">fre   </marc:subfield>
      <marc:subfield code="a">Manhuas</marc:subfield>
    </marc:datafield>
    <marc:datafield tag="580" ind1=" " ind2="0">
      <marc:subfield code="5">h</marc:subfield>
      <marc:subfield code="3">17027060</marc:subfield>
      <marc:subfield code="7">ba0yba0y</marc:subfield>
      <marc:subfield code="8">fre   </marc:subfield>
      <marc:subfield code="a">Manhwas</marc:subfield>
    </marc:datafield>
    <marc:datafield tag="580" ind1=" " ind2="0">
      <marc:subfield code="5">h</marc:subfield>
      <marc:subfield code="3">15618998</marc:subfield>
      <marc:subfield code="7">ba0yba0y</marc:subfield>
      <marc:subfield code="8">fre   </marc:subfield>
      <marc:subfield code="a">Romans graphiques</marc:subfield>
    </marc:datafield>
    <marc:datafield tag="580" ind1=" " ind2="0">
      <marc:subfield code="5">g</marc:subfield>
      <marc:subfield code="3">13318510</marc:subfield>
      <marc:subfield code="7">ba0yba0y</marc:subfield>
      <marc:subfield code="8">fre   </marc:subfield>
      <marc:subfield code="a">Livres illustrés</marc:subfield>
    </marc:datafield>
    <marc:datafield tag="686" ind1=" " ind2=" ">
      <marc:subfield code="a">020</marc:subfield>
      <marc:subfield code="c">Sciences de l'information</marc:subfield>
      <marc:subfield code="2">Note de regroupement par domaine</marc:subfield>
    </marc:datafield>
    <marc:datafield tag="686" ind1=" " ind2=" ">
      <marc:subfield code="a">740</marc:subfield>
      <marc:subfield code="c">Dessin, arts décoratifs, artisanat d'art</marc:subfield>
      <marc:subfield code="2">Note de regroupement par domaine</marc:subfield>
    </marc:datafield>
    <marc:datafield tag="686" ind1=" " ind2=" ">
      <marc:subfield code="a">801</marc:subfield>
      <marc:subfield code="c">Poésie</marc:subfield>
      <marc:subfield code="2">Note de regroupement par domaine</marc:subfield>
    </marc:datafield>
    <marc:datafield tag="801" ind1=" " ind2=" ">
      <marc:subfield code="a">FR</marc:subfield>
      <marc:subfield code="b">FR-751131015</marc:subfield>
      <marc:subfield code="c">20220909</marc:subfield>
    </marc:datafield>
    <marc:datafield tag="810" ind1=" " ind2=" ">
      <marc:subfield code="a">Grand Larousse de la langue française</marc:subfield>
      <marc:subfield code="a">Grand Robert de la langue française, 2001</marc:subfield>
      <marc:subfield code="a">Encycl. universalis - http://www.universalis-edu.com (2016-12-22)</marc:subfield>
    </marc:datafield>
    <marc:datafield tag="810" ind1=" " ind2=" ">
      <marc:subfield code="a">Dict. mondial de la bande dessinée / P. Gaumer, C. Moliterni, 1994</marc:subfield>
      <marc:subfield code="a">Encycl. des bandes dessinées / M. Alessandrini, 1986</marc:subfield>
    </marc:datafield>
    <marc:datafield tag="822" ind1="1" ind2="2">
      <marc:subfield code="a">Comic books, strips, etc.</marc:subfield>
      <marc:subfield code="2">LCSH</marc:subfield>
      <marc:subfield code="u">http://id.loc.gov/authorities/subjects/sh85028863</marc:subfield>
      <marc:subfield code="d">2022-05-30</marc:subfield>
    </marc:datafield>
    <marc:datafield tag="822" ind1="1" ind2="2">
      <marc:subfield code="a">Bandes dessinées</marc:subfield>
      <marc:subfield code="2">RVMLaval</marc:subfield>
      <marc:subfield code="d">2022-05-30</marc:subfield>
    </marc:datafield>
    <marc:datafield tag="856" ind1=" " ind2=" ">
      <marc:subfield code="u">http://www.universalis-edu.com</marc:subfield>
      <marc:subfield code="e">2016-12-22</marc:subfield>
    </marc:datafield>
  </marc:record>