
  <marc:record>
    <marc:leader>00794cx  a2200217   4500</marc:leader>
    <marc:controlfield tag="001">FRBNF147025118</marc:controlfield>
    <marc:controlfield tag="003">http://catalogue.bnf.fr/ark:/12148/cb14702511f</marc:controlfield>
    <marc:controlfield tag="005">20161115</marc:controlfield>
    <marc:datafield tag="010" ind1=" " ind2=" ">
      <marc:subfield code="a">0000000369530387</marc:subfield>
      <marc:subfield code="2">ISNI</marc:subfield>
      <marc:subfield code="d">20170201</marc:subfield>
    </marc:datafield>
    <marc:datafield tag="100" ind1=" " ind2=" ">
      <marc:subfield code="a">20050825afrey50      ba0</marc:subfield>
    </marc:datafield>
    <marc:datafield tag="102" ind1=" " ind2=" ">
      <marc:subfield code="a">MX</marc:subfield>
    </marc:datafield>
    <marc:datafield tag="103" ind1=" " ind2=" ">
      <marc:subfield code="a"> 19100727  20161112 </marc:subfield>
    </marc:datafield>
    <marc:datafield tag="106" ind1=" " ind2=" ">
      <marc:subfield code="a">010</marc:subfield>
    </marc:datafield>
    <marc:datafield tag="120" ind1=" " ind2=" ">
      <marc:subfield code="a">a</marc:subfield>
    </marc:datafield>
    <marc:datafield tag="152" ind1=" " ind2=" ">
      <marc:subfield code="c">2</marc:subfield>
    </marc:datafield>
    <marc:datafield tag="200" ind1=" " ind2=" ">
      <marc:subfield code="7">ba0yba0y</marc:subfield>
      <marc:subfield code="8">fre   </marc:subfield>
      <marc:subfield code="9"> 0 </marc:subfield>
      <marc:subfield code="a">Tovar</marc:subfield>
      <marc:subfield code="b">Lupita</marc:subfield>
      <marc:subfield code="f">1910-2016</marc:subfield>
    </marc:datafield>
    <marc:datafield tag="300" ind1=" " ind2=" ">
      <marc:subfield code="a">Nom d'artiste de Guadalupe Natalia Tovar. - Actrice</marc:subfield>
    </marc:datafield>
    <marc:datafield tag="801" ind1=" " ind2=" ">
      <marc:subfield code="a">FR</marc:subfield>
      <marc:subfield code="b">FR-751131015</marc:subfield>
      <marc:subfield code="c">20161115</marc:subfield>
    </marc:datafield>
    <marc:datafield tag="810" ind1=" " ind2=" ">
      <marc:subfield code="a">Mousquetaire du ranch [Image fixe]. 1939</marc:subfield>
    </marc:datafield>
    <marc:datafield tag="810" ind1=" " ind2=" ">
      <marc:subfield code="a">IMDB - http://www.imdb.com/name/nm0869830 (2016-11-15)</marc:subfield>
      <marc:subfield code="a">VIAF - http://viaf.org/viaf/6932604 (2016-11-15)</marc:subfield>
    </marc:datafield>
    <marc:datafield tag="856" ind1=" " ind2=" ">
      <marc:subfield code="u">http://www.imdb.com/name/nm0869830/</marc:subfield>
      <marc:subfield code="e">2016-11-15</marc:subfield>
      <marc:subfield code="u">http://viaf.org/viaf/6932604</marc:subfield>
      <marc:subfield code="e">2016-11-15</marc:subfield>
    </marc:datafield>
  </marc:record>