
  <marc:record>
    <marc:leader>00888cx  a2200253   4500</marc:leader>
    <marc:controlfield tag="001">FRBNF120524851</marc:controlfield>
    <marc:controlfield tag="003">http://catalogue.bnf.fr/ark:/12148/cb120524858</marc:controlfield>
    <marc:controlfield tag="005">20171114</marc:controlfield>
    <marc:datafield tag="010" ind1=" " ind2=" ">
      <marc:subfield code="a">0000000008804872</marc:subfield>
      <marc:subfield code="2">VIAF</marc:subfield>
      <marc:subfield code="d">20130724</marc:subfield>
    </marc:datafield>
    <marc:datafield tag="039" ind1=" " ind2=" ">
      <marc:subfield code="o">OPL</marc:subfield>
      <marc:subfield code="a">003593958</marc:subfield>
    </marc:datafield>
    <marc:datafield tag="039" ind1=" " ind2=" ">
      <marc:subfield code="o">OPP</marc:subfield>
      <marc:subfield code="a">15455464</marc:subfield>
      <marc:subfield code="d">20121204</marc:subfield>
    </marc:datafield>
    <marc:datafield tag="039" ind1=" " ind2=" ">
      <marc:subfield code="o">OPP</marc:subfield>
      <marc:subfield code="a">16783442</marc:subfield>
      <marc:subfield code="d">20151229</marc:subfield>
    </marc:datafield>
    <marc:datafield tag="100" ind1=" " ind2=" ">
      <marc:subfield code="a">19840420afrey50      ba0</marc:subfield>
    </marc:datafield>
    <marc:datafield tag="101" ind1=" " ind2=" ">
      <marc:subfield code="a">fre</marc:subfield>
      <marc:subfield code="t">eng</marc:subfield>
    </marc:datafield>
    <marc:datafield tag="102" ind1=" " ind2=" ">
      <marc:subfield code="a">FR</marc:subfield>
    </marc:datafield>
    <marc:datafield tag="103" ind1=" " ind2=" ">
      <marc:subfield code="a"> 1957               </marc:subfield>
    </marc:datafield>
    <marc:datafield tag="105" ind1=" " ind2=" ">
      <marc:subfield code="a">a</marc:subfield>
    </marc:datafield>
    <marc:datafield tag="106" ind1=" " ind2=" ">
      <marc:subfield code="a">1  </marc:subfield>
    </marc:datafield>
    <marc:datafield tag="120" ind1=" " ind2=" ">
      <marc:subfield code="a">a</marc:subfield>
    </marc:datafield>
    <marc:datafield tag="200" ind1=" " ind2=" ">
      <marc:subfield code="7">ba0yba0y</marc:subfield>
      <marc:subfield code="8">fre   </marc:subfield>
      <marc:subfield code="9"> 0 </marc:subfield>
      <marc:subfield code="a">Chicheportiche</marc:subfield>
      <marc:subfield code="b">Josette</marc:subfield>
      <marc:subfield code="f">1957-....</marc:subfield>
    </marc:datafield>
    <marc:datafield tag="300" ind1="0" ind2=" ">
      <marc:subfield code="a">Auteur d'ouvrages pour la jeunesse, traductrice</marc:subfield>
    </marc:datafield>
    <marc:datafield tag="400" ind1=" " ind2=" ">
      <marc:subfield code="7">ba0yba0y</marc:subfield>
      <marc:subfield code="8">fre   </marc:subfield>
      <marc:subfield code="a">Chicheportiche</marc:subfield>
      <marc:subfield code="b">Jo</marc:subfield>
      <marc:subfield code="f">1957-....</marc:subfield>
    </marc:datafield>
    <marc:datafield tag="801" ind1=" " ind2=" ">
      <marc:subfield code="a">FR</marc:subfield>
      <marc:subfield code="b">FR-751131015</marc:subfield>
      <marc:subfield code="c">20171114</marc:subfield>
    </marc:datafield>
    <marc:datafield tag="810" ind1=" " ind2=" ">
      <marc:subfield code="a">Les Saisons du cœur / Cynthia  Freeman ; trad. de l'américain par Josette Chicheportiche, 1987</marc:subfield>
      <marc:subfield code="a">Un amoureux pour Loulou / Jo Chicheportiche, DL 2017</marc:subfield>
    </marc:datafield>
  </marc:record>