
  <marc:record>
    <marc:leader>01223cx  a2200253   4500</marc:leader>
    <marc:controlfield tag="001">FRBNF141227718</marc:controlfield>
    <marc:controlfield tag="003">http://catalogue.bnf.fr/ark:/12148/cb141227717</marc:controlfield>
    <marc:controlfield tag="005">20200914</marc:controlfield>
    <marc:datafield tag="010" ind1=" " ind2=" ">
      <marc:subfield code="a">000000000886412X</marc:subfield>
      <marc:subfield code="2">ISNI</marc:subfield>
      <marc:subfield code="d">20150312</marc:subfield>
    </marc:datafield>
    <marc:datafield tag="039" ind1=" " ind2=" ">
      <marc:subfield code="o">OPP</marc:subfield>
      <marc:subfield code="a">14208514</marc:subfield>
      <marc:subfield code="d">20070904</marc:subfield>
    </marc:datafield>
    <marc:datafield tag="100" ind1=" " ind2=" ">
      <marc:subfield code="a">20030310afrey50      ba0</marc:subfield>
    </marc:datafield>
    <marc:datafield tag="102" ind1=" " ind2=" ">
      <marc:subfield code="a">CH</marc:subfield>
    </marc:datafield>
    <marc:datafield tag="103" ind1=" " ind2=" ">
      <marc:subfield code="a"> 19..               </marc:subfield>
    </marc:datafield>
    <marc:datafield tag="105" ind1=" " ind2=" ">
      <marc:subfield code="a">a</marc:subfield>
      <marc:subfield code="a">i</marc:subfield>
    </marc:datafield>
    <marc:datafield tag="106" ind1=" " ind2=" ">
      <marc:subfield code="a">1  </marc:subfield>
    </marc:datafield>
    <marc:datafield tag="120" ind1=" " ind2=" ">
      <marc:subfield code="a">b</marc:subfield>
    </marc:datafield>
    <marc:datafield tag="152" ind1=" " ind2=" ">
      <marc:subfield code="c">2</marc:subfield>
    </marc:datafield>
    <marc:datafield tag="200" ind1=" " ind2=" ">
      <marc:subfield code="7">ba0yba0y</marc:subfield>
      <marc:subfield code="8">fre   </marc:subfield>
      <marc:subfield code="9"> 0 </marc:subfield>
      <marc:subfield code="a">Moravioff</marc:subfield>
      <marc:subfield code="b">Galeshka</marc:subfield>
    </marc:datafield>
    <marc:datafield tag="300" ind1="0" ind2=" ">
      <marc:subfield code="a">Docteur en ethnologie en 1990. - Pianiste, compositeur. - Artiste peintre. - Réalisateur, fondateur de la société de production et de distribution "Films sans Frontières", propriétaire de salles art et essai</marc:subfield>
    </marc:datafield>
    <marc:datafield tag="801" ind1=" " ind2=" ">
      <marc:subfield code="a">FR</marc:subfield>
      <marc:subfield code="b">FR-751131015</marc:subfield>
      <marc:subfield code="c">20200914</marc:subfield>
    </marc:datafield>
    <marc:datafield tag="810" ind1=" " ind2=" ">
      <marc:subfield code="a">Faust [Images animées] / Friedrich Wilhelm Murnau, réal. ; Galeshka Moravioff, comp. Films sans frontières, 2006</marc:subfield>
    </marc:datafield>
    <marc:datafield tag="810" ind1=" " ind2=" ">
      <marc:subfield code="a">IMDB : Galeshka Moravioff (III) - https://www.imdb.com/name/nm9480033 (2020-02-10)</marc:subfield>
      <marc:subfield code="a">Wikipédia - https://fr.wikipedia.org/wiki/Galeshka_Moravioff (2020-02-10)</marc:subfield>
    </marc:datafield>
    <marc:datafield tag="856" ind1=" " ind2=" ">
      <marc:subfield code="u">http://www.galeshkamoravioff.com/</marc:subfield>
      <marc:subfield code="e">2020-02-10</marc:subfield>
    </marc:datafield>
    <marc:datafield tag="856" ind1=" " ind2=" ">
      <marc:subfield code="u">https://www.imdb.com/name/nm9480033/</marc:subfield>
      <marc:subfield code="e">2020-02-10</marc:subfield>
      <marc:subfield code="u">https://fr.wikipedia.org/wiki/Galeshka_Moravioff</marc:subfield>
      <marc:subfield code="e">2020-02-10</marc:subfield>
    </marc:datafield>
  </marc:record>