
  <marc:record>
    <marc:leader>01030cx  a2200241   4500</marc:leader>
    <marc:controlfield tag="001">FRBNF140512109</marc:controlfield>
    <marc:controlfield tag="003">http://catalogue.bnf.fr/ark:/12148/cb14051210v</marc:controlfield>
    <marc:controlfield tag="005">20201005</marc:controlfield>
    <marc:datafield tag="010" ind1=" " ind2=" ">
      <marc:subfield code="a">0000000119321232</marc:subfield>
      <marc:subfield code="2">VIAF</marc:subfield>
      <marc:subfield code="d">20130801</marc:subfield>
    </marc:datafield>
    <marc:datafield tag="100" ind1=" " ind2=" ">
      <marc:subfield code="a">20020329afrey50      ba0</marc:subfield>
    </marc:datafield>
    <marc:datafield tag="102" ind1=" " ind2=" ">
      <marc:subfield code="a">DE</marc:subfield>
    </marc:datafield>
    <marc:datafield tag="103" ind1=" " ind2=" ">
      <marc:subfield code="a"> 19440223  20011229 </marc:subfield>
    </marc:datafield>
    <marc:datafield tag="105" ind1=" " ind2=" ">
      <marc:subfield code="a">a</marc:subfield>
      <marc:subfield code="a">i</marc:subfield>
    </marc:datafield>
    <marc:datafield tag="106" ind1=" " ind2=" ">
      <marc:subfield code="a">1  </marc:subfield>
    </marc:datafield>
    <marc:datafield tag="120" ind1=" " ind2=" ">
      <marc:subfield code="a">b</marc:subfield>
    </marc:datafield>
    <marc:datafield tag="152" ind1=" " ind2=" ">
      <marc:subfield code="c">2</marc:subfield>
    </marc:datafield>
    <marc:datafield tag="200" ind1=" " ind2=" ">
      <marc:subfield code="7">ba0yba0y</marc:subfield>
      <marc:subfield code="8">fre   </marc:subfield>
      <marc:subfield code="9"> 0 </marc:subfield>
      <marc:subfield code="a">Fricke</marc:subfield>
      <marc:subfield code="b">Florian</marc:subfield>
      <marc:subfield code="f">1944-2001</marc:subfield>
    </marc:datafield>
    <marc:datafield tag="300" ind1="0" ind2=" ">
      <marc:subfield code="a">Compositeur et claviériste</marc:subfield>
    </marc:datafield>
    <marc:datafield tag="510" ind1=" " ind2=" ">
      <marc:subfield code="5">xxxk</marc:subfield>
      <marc:subfield code="0">Membre de : </marc:subfield>
      <marc:subfield code="3">13905863</marc:subfield>
      <marc:subfield code="7">ba0yba0y</marc:subfield>
      <marc:subfield code="8">fre   </marc:subfield>
      <marc:subfield code="9">20 </marc:subfield>
      <marc:subfield code="a">Popol Vuh</marc:subfield>
    </marc:datafield>
    <marc:datafield tag="801" ind1=" " ind2=" ">
      <marc:subfield code="a">FR</marc:subfield>
      <marc:subfield code="b">FR-751131015</marc:subfield>
      <marc:subfield code="c">20201005</marc:subfield>
    </marc:datafield>
    <marc:datafield tag="810" ind1=" " ind2=" ">
      <marc:subfield code="a">Keys of life [Enregistrement sonore] / Florian Fricke, Hans Otte, Peter Michael Hamel... [et al.], p. Celestial Harmonies CEL017</marc:subfield>
    </marc:datafield>
    <marc:datafield tag="810" ind1=" " ind2=" ">
      <marc:subfield code="a">AMG - http://allmusic.com (2002-03-29)</marc:subfield>
      <marc:subfield code="a">Dictionnaire du rock / Michka Assayas, 2000</marc:subfield>
      <marc:subfield code="a">Discogs - https://www.discogs.com/fr/artist/211850-Florian-Fricke (2020-10-05)</marc:subfield>
    </marc:datafield>
    <marc:datafield tag="856" ind1=" " ind2=" ">
      <marc:subfield code="u">http://allmusic.com</marc:subfield>
      <marc:subfield code="e">2002-03-29</marc:subfield>
      <marc:subfield code="u">https://www.discogs.com/fr/artist/211850-Florian-Fricke</marc:subfield>
      <marc:subfield code="e">2020-10-05</marc:subfield>
    </marc:datafield>
  </marc:record>