
  <marc:record>
    <marc:leader>01007nx  a2200205   4500</marc:leader>
    <marc:controlfield tag="001">FRBNF17975514X</marc:controlfield>
    <marc:controlfield tag="003">http://catalogue.bnf.fr/ark:/12148/cb17975514d</marc:controlfield>
    <marc:datafield tag="100" ind1=" " ind2=" ">
      <marc:subfield code="a">20211021afrey50      ba0</marc:subfield>
    </marc:datafield>
    <marc:datafield tag="101" ind1=" " ind2=" ">
      <marc:subfield code="a">eng</marc:subfield>
    </marc:datafield>
    <marc:datafield tag="102" ind1=" " ind2=" ">
      <marc:subfield code="a">GB</marc:subfield>
    </marc:datafield>
    <marc:datafield tag="103" ind1=" " ind2=" ">
      <marc:subfield code="a"> 19220918  20130930 </marc:subfield>
    </marc:datafield>
    <marc:datafield tag="105" ind1=" " ind2=" ">
      <marc:subfield code="a">a</marc:subfield>
    </marc:datafield>
    <marc:datafield tag="106" ind1=" " ind2=" ">
      <marc:subfield code="a">1  </marc:subfield>
    </marc:datafield>
    <marc:datafield tag="120" ind1=" " ind2=" ">
      <marc:subfield code="a">b</marc:subfield>
    </marc:datafield>
    <marc:datafield tag="152" ind1=" " ind2=" ">
      <marc:subfield code="c">2</marc:subfield>
    </marc:datafield>
    <marc:datafield tag="200" ind1=" " ind2=" ">
      <marc:subfield code="7">ba0yba0y</marc:subfield>
      <marc:subfield code="8">fre   </marc:subfield>
      <marc:subfield code="9"> 0 </marc:subfield>
      <marc:subfield code="a">Elder</marc:subfield>
      <marc:subfield code="b">John</marc:subfield>
      <marc:subfield code="f">1922-2013</marc:subfield>
    </marc:datafield>
    <marc:datafield tag="300" ind1="0" ind2=" ">
      <marc:subfield code="a">Scénariste et producteur. - Pseudonyme de : Anthony Hinds</marc:subfield>
    </marc:datafield>
    <marc:datafield tag="500" ind1=" " ind2=" ">
      <marc:subfield code="5">z</marc:subfield>
      <marc:subfield code="0">Voir le nom réel</marc:subfield>
      <marc:subfield code="3">14095847</marc:subfield>
      <marc:subfield code="7">ba0yba0y</marc:subfield>
      <marc:subfield code="8">fre   </marc:subfield>
      <marc:subfield code="9"> 0 </marc:subfield>
      <marc:subfield code="a">Hinds</marc:subfield>
      <marc:subfield code="b">Anthony</marc:subfield>
      <marc:subfield code="f">1922-2013</marc:subfield>
    </marc:datafield>
    <marc:datafield tag="801" ind1=" " ind2=" ">
      <marc:subfield code="a">FR</marc:subfield>
      <marc:subfield code="b">FR-751131015</marc:subfield>
      <marc:subfield code="c">20211021</marc:subfield>
    </marc:datafield>
    <marc:datafield tag="810" ind1=" " ind2=" ">
      <marc:subfield code="a">Une messe pour Dracula / Peter Sasdy, réal.  ; John Elder, scénario ; Bram Stoker, id. orig.  ; Arthur Grant, photo ; James Bernard, comp.  ; Christopher Lee (Dracula), Geoffrey Keen (William Hargood), Gwen Watford (Martha Hargood), Linda Hayden (Alice Hargood)... [et al.], act. . - Paris : Warner home video France [éd.] ; Paris : Warner home video France [distrib.], 1985 (DL). - [Image animée : vidéo]</marc:subfield>
    </marc:datafield>
  </marc:record>