
  <marc:record>
    <marc:leader>00977cx  a2200241   4500</marc:leader>
    <marc:controlfield tag="001">FRBNF146547519</marc:controlfield>
    <marc:controlfield tag="003">http://catalogue.bnf.fr/ark:/12148/cb14654751k</marc:controlfield>
    <marc:controlfield tag="005">20210728</marc:controlfield>
    <marc:datafield tag="010" ind1=" " ind2=" ">
      <marc:subfield code="a">0000000364544704</marc:subfield>
      <marc:subfield code="2">VIAF</marc:subfield>
      <marc:subfield code="d">20130802</marc:subfield>
    </marc:datafield>
    <marc:datafield tag="039" ind1=" " ind2=" ">
      <marc:subfield code="o">OPL</marc:subfield>
      <marc:subfield code="a">004837187</marc:subfield>
    </marc:datafield>
    <marc:datafield tag="100" ind1=" " ind2=" ">
      <marc:subfield code="a">20000505afrey50      ba0</marc:subfield>
    </marc:datafield>
    <marc:datafield tag="101" ind1=" " ind2=" ">
      <marc:subfield code="a">fre</marc:subfield>
    </marc:datafield>
    <marc:datafield tag="102" ind1=" " ind2=" ">
      <marc:subfield code="a">FR</marc:subfield>
    </marc:datafield>
    <marc:datafield tag="103" ind1=" " ind2=" ">
      <marc:subfield code="a"> 1963               </marc:subfield>
    </marc:datafield>
    <marc:datafield tag="105" ind1=" " ind2=" ">
      <marc:subfield code="a">a</marc:subfield>
      <marc:subfield code="a">c</marc:subfield>
      <marc:subfield code="a">p</marc:subfield>
      <marc:subfield code="d">h</marc:subfield>
      <marc:subfield code="a">i</marc:subfield>
    </marc:datafield>
    <marc:datafield tag="106" ind1=" " ind2=" ">
      <marc:subfield code="a">010</marc:subfield>
    </marc:datafield>
    <marc:datafield tag="120" ind1=" " ind2=" ">
      <marc:subfield code="a">b</marc:subfield>
    </marc:datafield>
    <marc:datafield tag="200" ind1=" " ind2=" ">
      <marc:subfield code="7">ba0yba0y</marc:subfield>
      <marc:subfield code="8">fre   </marc:subfield>
      <marc:subfield code="9"> 0 </marc:subfield>
      <marc:subfield code="a">Jeanneteau</marc:subfield>
      <marc:subfield code="b">Daniel</marc:subfield>
      <marc:subfield code="f">1963-....</marc:subfield>
    </marc:datafield>
    <marc:datafield tag="300" ind1=" " ind2=" ">
      <marc:subfield code="a">Metteur en scène et scénographe. - Dessinateur. - Directeur artistique de la Part du vent</marc:subfield>
    </marc:datafield>
    <marc:datafield tag="510" ind1=" " ind2=" ">
      <marc:subfield code="3">15023928</marc:subfield>
      <marc:subfield code="7">ba0yba0y</marc:subfield>
      <marc:subfield code="8">fre   </marc:subfield>
      <marc:subfield code="9">20 </marc:subfield>
      <marc:subfield code="a">La Part du vent</marc:subfield>
    </marc:datafield>
    <marc:datafield tag="801" ind1=" " ind2=" ">
      <marc:subfield code="a">FR</marc:subfield>
      <marc:subfield code="b">FR-751131015</marc:subfield>
      <marc:subfield code="c">20210728</marc:subfield>
    </marc:datafield>
    <marc:datafield tag="810" ind1=" " ind2=" ">
      <marc:subfield code="a">Holocauste [Spectacle] : fragments / mise en scène de Claude Régy ; scénographie de Daniel Jeanneteau. - Paris : Théâtre national de la colline, 1998</marc:subfield>
      <marc:subfield code="a">Denis Schneider : peintures / [postface de Daniel Jeanneteau], 1999</marc:subfield>
    </marc:datafield>
    <marc:datafield tag="810" ind1=" " ind2=" ">
      <marc:subfield code="a">Revue d'esthétique, n° 26, 1994</marc:subfield>
    </marc:datafield>
  </marc:record>