
  <marc:record>
    <marc:leader>01132cx  a2200229   4500</marc:leader>
    <marc:controlfield tag="001">FRBNF150550510</marc:controlfield>
    <marc:controlfield tag="003">http://catalogue.bnf.fr/ark:/12148/cb150550510</marc:controlfield>
    <marc:controlfield tag="005">20140516</marc:controlfield>
    <marc:datafield tag="010" ind1=" " ind2=" ">
      <marc:subfield code="a">0000000120279756</marc:subfield>
      <marc:subfield code="2">VIAF</marc:subfield>
      <marc:subfield code="d">20130805</marc:subfield>
    </marc:datafield>
    <marc:datafield tag="039" ind1=" " ind2=" ">
      <marc:subfield code="o">OPP</marc:subfield>
      <marc:subfield code="a">14606583</marc:subfield>
      <marc:subfield code="d">20060413</marc:subfield>
    </marc:datafield>
    <marc:datafield tag="100" ind1=" " ind2=" ">
      <marc:subfield code="a">20060331afrey50      ba0</marc:subfield>
    </marc:datafield>
    <marc:datafield tag="101" ind1=" " ind2=" ">
      <marc:subfield code="a">fre</marc:subfield>
    </marc:datafield>
    <marc:datafield tag="102" ind1=" " ind2=" ">
      <marc:subfield code="a">XX</marc:subfield>
    </marc:datafield>
    <marc:datafield tag="103" ind1=" " ind2=" ">
      <marc:subfield code="a"> 19700602           </marc:subfield>
    </marc:datafield>
    <marc:datafield tag="105" ind1=" " ind2=" ">
      <marc:subfield code="a">a</marc:subfield>
      <marc:subfield code="a">p</marc:subfield>
    </marc:datafield>
    <marc:datafield tag="106" ind1=" " ind2=" ">
      <marc:subfield code="a">1  </marc:subfield>
    </marc:datafield>
    <marc:datafield tag="120" ind1=" " ind2=" ">
      <marc:subfield code="a">b</marc:subfield>
    </marc:datafield>
    <marc:datafield tag="152" ind1=" " ind2=" ">
      <marc:subfield code="c">2</marc:subfield>
    </marc:datafield>
    <marc:datafield tag="200" ind1=" " ind2=" ">
      <marc:subfield code="7">ba0yba0y</marc:subfield>
      <marc:subfield code="8">fre   </marc:subfield>
      <marc:subfield code="9"> 0 </marc:subfield>
      <marc:subfield code="a">Vezyroglou</marc:subfield>
      <marc:subfield code="b">Dimitri</marc:subfield>
      <marc:subfield code="f">1970-....</marc:subfield>
    </marc:datafield>
    <marc:datafield tag="300" ind1="0" ind2=" ">
      <marc:subfield code="a">Docteur en histoire (Paris 1, 2001), agrégé d'histoire. - Maître de conférences en histoire du cinéma à l'Université Paris 1 Panthéon-Sorbonne, membre de l'équipe d'accueil Histoire culturelle et sociales de l'art, HiCSA (en 2014)</marc:subfield>
    </marc:datafield>
    <marc:datafield tag="801" ind1=" " ind2=" ">
      <marc:subfield code="a">FR</marc:subfield>
      <marc:subfield code="b">FR-751131015</marc:subfield>
      <marc:subfield code="c">20140516</marc:subfield>
    </marc:datafield>
    <marc:datafield tag="810" ind1=" " ind2=" ">
      <marc:subfield code="a">Silence, on tourne ! : Annie Vernay et le cinéma des années 30 : [exposition, Contes, Médiathèque municipale... 2005] / [organisée par les Amis du Musée de Contes et la Bibliothèque municipale de Contes] ; [textes de Dimitri Vezyroglou], [2005]</marc:subfield>
      <marc:subfield code="a">Le cinéma en France à la veille du parlant / Dimitri Vezyroglou, impr. 2011</marc:subfield>
    </marc:datafield>
  </marc:record>