
  <marc:record>
    <marc:leader>01345cx  a2200265   4500</marc:leader>
    <marc:controlfield tag="001">FRBNF126790150</marc:controlfield>
    <marc:controlfield tag="003">http://catalogue.bnf.fr/ark:/12148/cb126790154</marc:controlfield>
    <marc:controlfield tag="005">20121210</marc:controlfield>
    <marc:datafield tag="010" ind1=" " ind2=" ">
      <marc:subfield code="a">0000000081701706</marc:subfield>
      <marc:subfield code="2">VIAF</marc:subfield>
      <marc:subfield code="d">20130729</marc:subfield>
    </marc:datafield>
    <marc:datafield tag="039" ind1=" " ind2=" ">
      <marc:subfield code="o">OPL</marc:subfield>
      <marc:subfield code="a">003012456</marc:subfield>
    </marc:datafield>
    <marc:datafield tag="100" ind1=" " ind2=" ">
      <marc:subfield code="a">19840101afrey50      ba0</marc:subfield>
    </marc:datafield>
    <marc:datafield tag="101" ind1=" " ind2=" ">
      <marc:subfield code="a">eng</marc:subfield>
    </marc:datafield>
    <marc:datafield tag="102" ind1=" " ind2=" ">
      <marc:subfield code="a">CA</marc:subfield>
    </marc:datafield>
    <marc:datafield tag="103" ind1=" " ind2=" ">
      <marc:subfield code="a"> 19390226           </marc:subfield>
    </marc:datafield>
    <marc:datafield tag="105" ind1=" " ind2=" ">
      <marc:subfield code="a">a</marc:subfield>
    </marc:datafield>
    <marc:datafield tag="106" ind1=" " ind2=" ">
      <marc:subfield code="a">1  </marc:subfield>
    </marc:datafield>
    <marc:datafield tag="120" ind1=" " ind2=" ">
      <marc:subfield code="a">a</marc:subfield>
    </marc:datafield>
    <marc:datafield tag="152" ind1=" " ind2=" ">
      <marc:subfield code="c">2</marc:subfield>
    </marc:datafield>
    <marc:datafield tag="200" ind1=" " ind2=" ">
      <marc:subfield code="7">ba0yba0y</marc:subfield>
      <marc:subfield code="8">fre   </marc:subfield>
      <marc:subfield code="9"> 0 </marc:subfield>
      <marc:subfield code="a">Miller</marc:subfield>
      <marc:subfield code="b">Elizabeth Russel</marc:subfield>
      <marc:subfield code="f">1939-....</marc:subfield>
    </marc:datafield>
    <marc:datafield tag="300" ind1="0" ind2=" ">
      <marc:subfield code="a">Auteur de nombreuses publications sur Bram Stocker (1847-1912). - Professeur d'anglais, Memorial university of Newfoundland, Saint John's, Canada (en 2012). - Présidente de: Transylvanian society of Dracula, Canada, et éditrice de: "Journal of Dracula studies" (en 2012)</marc:subfield>
    </marc:datafield>
    <marc:datafield tag="400" ind1=" " ind2=" ">
      <marc:subfield code="7">ba0yba0y</marc:subfield>
      <marc:subfield code="8">fre   </marc:subfield>
      <marc:subfield code="a">Miller</marc:subfield>
      <marc:subfield code="b">Elizabeth</marc:subfield>
      <marc:subfield code="f">1939-....</marc:subfield>
    </marc:datafield>
    <marc:datafield tag="801" ind1=" " ind2=" ">
      <marc:subfield code="a">FR</marc:subfield>
      <marc:subfield code="b">FR-751131015</marc:subfield>
      <marc:subfield code="c">20121210</marc:subfield>
    </marc:datafield>
    <marc:datafield tag="810" ind1=" " ind2=" ">
      <marc:subfield code="a">Bram Stoker's "Dracula" : a documentary volume / ed. by Elizabeth Miller, 2005</marc:subfield>
      <marc:subfield code="a">The lost journal of Bram Stoker : the Dublin years / edited by Elizabeth Miller &amp; Dacre Stoker, 2012</marc:subfield>
    </marc:datafield>
    <marc:datafield tag="810" ind1=" " ind2=" ">
      <marc:subfield code="a">Bibliothèque nationale, Canada - http://amicus.collectionscanada.ca (2005-08-09)</marc:subfield>
      <marc:subfield code="a">LCNA : Miller, Elizabeth - http://authorities.loc.gov (2005-08-09)</marc:subfield>
    </marc:datafield>
    <marc:datafield tag="856" ind1=" " ind2=" ">
      <marc:subfield code="u">http://amicus.collectionscanada.ca</marc:subfield>
      <marc:subfield code="e">2005-08-09</marc:subfield>
      <marc:subfield code="u">http://authorities.loc.gov</marc:subfield>
      <marc:subfield code="e">2005-08-09</marc:subfield>
    </marc:datafield>
  </marc:record>