
  <marc:record>
    <marc:leader>01079cx  a2200241   4500</marc:leader>
    <marc:controlfield tag="001">FRBNF150579056</marc:controlfield>
    <marc:controlfield tag="003">http://catalogue.bnf.fr/ark:/12148/cb15057905s</marc:controlfield>
    <marc:controlfield tag="005">20210316</marc:controlfield>
    <marc:datafield tag="010" ind1=" " ind2=" ">
      <marc:subfield code="a">0000000002546542</marc:subfield>
      <marc:subfield code="2">ISNI</marc:subfield>
      <marc:subfield code="d">20210324</marc:subfield>
    </marc:datafield>
    <marc:datafield tag="100" ind1=" " ind2=" ">
      <marc:subfield code="a">20060413afrey50      ba0</marc:subfield>
    </marc:datafield>
    <marc:datafield tag="101" ind1=" " ind2=" ">
      <marc:subfield code="a">ita</marc:subfield>
    </marc:datafield>
    <marc:datafield tag="102" ind1=" " ind2=" ">
      <marc:subfield code="a">IT</marc:subfield>
    </marc:datafield>
    <marc:datafield tag="103" ind1=" " ind2=" ">
      <marc:subfield code="a"> 19710730           </marc:subfield>
    </marc:datafield>
    <marc:datafield tag="105" ind1=" " ind2=" ">
      <marc:subfield code="a">a</marc:subfield>
    </marc:datafield>
    <marc:datafield tag="106" ind1=" " ind2=" ">
      <marc:subfield code="a">1  </marc:subfield>
    </marc:datafield>
    <marc:datafield tag="120" ind1=" " ind2=" ">
      <marc:subfield code="a">a</marc:subfield>
    </marc:datafield>
    <marc:datafield tag="152" ind1=" " ind2=" ">
      <marc:subfield code="c">2</marc:subfield>
    </marc:datafield>
    <marc:datafield tag="200" ind1=" " ind2=" ">
      <marc:subfield code="7">ba0yba0y</marc:subfield>
      <marc:subfield code="8">fre   </marc:subfield>
      <marc:subfield code="9"> 0 </marc:subfield>
      <marc:subfield code="a">Palma</marc:subfield>
      <marc:subfield code="b">Paola</marc:subfield>
      <marc:subfield code="f">1971-....</marc:subfield>
    </marc:datafield>
    <marc:datafield tag="300" ind1="0" ind2=" ">
      <marc:subfield code="a">Enseignante à l'Ecole du Louvre (en 2021). - Docteur en littérature et philologie. - Agrégée de lettres (Italie)</marc:subfield>
    </marc:datafield>
    <marc:datafield tag="801" ind1=" " ind2=" ">
      <marc:subfield code="a">FR</marc:subfield>
      <marc:subfield code="b">FR-751131015</marc:subfield>
      <marc:subfield code="c">20210316</marc:subfield>
    </marc:datafield>
    <marc:datafield tag="810" ind1=" " ind2=" ">
      <marc:subfield code="a">In pagina e in palco : suggestioni sceniche nell'opera di Colette / Paola Palma ; prefazione di Marzia Pieri, 2004</marc:subfield>
      <marc:subfield code="a">"Nosferatu le vampire" / Paola Palma, Dimitri Vezyroglou. - Neuilly : Atlande, DL 2021. - [Texte noté]</marc:subfield>
    </marc:datafield>
    <marc:datafield tag="810" ind1=" " ind2=" ">
      <marc:subfield code="a">ICCU, Istituto centrale per il catalogo unico - http://opac.sbn.it (2006-04-14)</marc:subfield>
      <marc:subfield code="a">LCNA - http://authorities.loc.gov (2006-04-13)</marc:subfield>
    </marc:datafield>
    <marc:datafield tag="856" ind1=" " ind2=" ">
      <marc:subfield code="u">http://opac.sbn.it</marc:subfield>
      <marc:subfield code="e">2006-04-14</marc:subfield>
      <marc:subfield code="u">http://authorities.loc.gov</marc:subfield>
      <marc:subfield code="e">2006-04-13</marc:subfield>
    </marc:datafield>
  </marc:record>