
  <marc:record>
    <marc:leader>01006cx  a2200217   4500</marc:leader>
    <marc:controlfield tag="001">FRBNF13930210X</marc:controlfield>
    <marc:controlfield tag="003">http://catalogue.bnf.fr/ark:/12148/cb13930210m</marc:controlfield>
    <marc:controlfield tag="005">20131223</marc:controlfield>
    <marc:datafield tag="100" ind1=" " ind2=" ">
      <marc:subfield code="a">19901009afrey50      ba0</marc:subfield>
    </marc:datafield>
    <marc:datafield tag="101" ind1=" " ind2=" ">
      <marc:subfield code="a">fre</marc:subfield>
    </marc:datafield>
    <marc:datafield tag="102" ind1=" " ind2=" ">
      <marc:subfield code="a">FR</marc:subfield>
    </marc:datafield>
    <marc:datafield tag="103" ind1=" " ind2=" ">
      <marc:subfield code="a"> 19..               </marc:subfield>
    </marc:datafield>
    <marc:datafield tag="105" ind1=" " ind2=" ">
      <marc:subfield code="a">a</marc:subfield>
      <marc:subfield code="a">i</marc:subfield>
    </marc:datafield>
    <marc:datafield tag="106" ind1=" " ind2=" ">
      <marc:subfield code="a">1  </marc:subfield>
    </marc:datafield>
    <marc:datafield tag="120" ind1=" " ind2=" ">
      <marc:subfield code="a">b</marc:subfield>
    </marc:datafield>
    <marc:datafield tag="200" ind1=" " ind2=" ">
      <marc:subfield code="7">ba0yba0y</marc:subfield>
      <marc:subfield code="8">fre   </marc:subfield>
      <marc:subfield code="9"> 0 </marc:subfield>
      <marc:subfield code="a">Val</marc:subfield>
      <marc:subfield code="b">Pierre</marc:subfield>
    </marc:datafield>
    <marc:datafield tag="300" ind1="0" ind2=" ">
      <marc:subfield code="a">Acteur, metteur en scène et adaptateur</marc:subfield>
    </marc:datafield>
    <marc:datafield tag="801" ind1=" " ind2=" ">
      <marc:subfield code="a">FR</marc:subfield>
      <marc:subfield code="b">FR-751131015</marc:subfield>
      <marc:subfield code="c">20131223</marc:subfield>
    </marc:datafield>
    <marc:datafield tag="810" ind1=" " ind2=" ">
      <marc:subfield code="a">Le système du docteur plume et du professeur goudron [Spectacle] / mise en scène et adaptation Pierre Val. - Metz, Opéra-Théâtre, 2004</marc:subfield>
    </marc:datafield>
    <marc:datafield tag="810" ind1=" " ind2=" ">
      <marc:subfield code="a">IMDB - http://www.imdb.com/name/nm0883427 (2013-12-23)</marc:subfield>
      <marc:subfield code="a">Wikipedia - http://fr.wikipedia.org/wiki/Pierre_Val (2013-12-23)</marc:subfield>
      <marc:subfield code="a">École de musique et de danse de Woippy - http://www.woippymusique.fr/t.htm (2013-12-23)</marc:subfield>
    </marc:datafield>
    <marc:datafield tag="856" ind1=" " ind2=" ">
      <marc:subfield code="u">http://www.imdb.com/name/nm0883427/</marc:subfield>
      <marc:subfield code="e">2013-12-23</marc:subfield>
      <marc:subfield code="u">http://fr.wikipedia.org/wiki/Pierre_Val</marc:subfield>
      <marc:subfield code="e">2013-12-23</marc:subfield>
      <marc:subfield code="u">http://www.woippymusique.fr/t.htm</marc:subfield>
      <marc:subfield code="e">2013-12-23</marc:subfield>
    </marc:datafield>
  </marc:record>