
  <marc:record>
    <marc:leader>01329cx  a2200289   4500</marc:leader>
    <marc:controlfield tag="001">FRBNF140074970</marc:controlfield>
    <marc:controlfield tag="003">http://catalogue.bnf.fr/ark:/12148/cb14007497q</marc:controlfield>
    <marc:controlfield tag="005">20220322</marc:controlfield>
    <marc:datafield tag="010" ind1=" " ind2=" ">
      <marc:subfield code="a">0000000081422184</marc:subfield>
      <marc:subfield code="2">ISNI</marc:subfield>
      <marc:subfield code="d">20150312</marc:subfield>
    </marc:datafield>
    <marc:datafield tag="010" ind1=" " ind2=" ">
      <marc:subfield code="y">0000000059455609</marc:subfield>
      <marc:subfield code="2">VIAF</marc:subfield>
      <marc:subfield code="d">20130801</marc:subfield>
    </marc:datafield>
    <marc:datafield tag="100" ind1=" " ind2=" ">
      <marc:subfield code="a">19971206afrey50      ba0</marc:subfield>
    </marc:datafield>
    <marc:datafield tag="101" ind1=" " ind2=" ">
      <marc:subfield code="a">eng</marc:subfield>
    </marc:datafield>
    <marc:datafield tag="102" ind1=" " ind2=" ">
      <marc:subfield code="a">US</marc:subfield>
    </marc:datafield>
    <marc:datafield tag="103" ind1=" " ind2=" ">
      <marc:subfield code="a"> 18891022  19540308 </marc:subfield>
    </marc:datafield>
    <marc:datafield tag="105" ind1=" " ind2=" ">
      <marc:subfield code="a">a</marc:subfield>
    </marc:datafield>
    <marc:datafield tag="106" ind1=" " ind2=" ">
      <marc:subfield code="a">1  </marc:subfield>
    </marc:datafield>
    <marc:datafield tag="120" ind1=" " ind2=" ">
      <marc:subfield code="a">b</marc:subfield>
    </marc:datafield>
    <marc:datafield tag="152" ind1=" " ind2=" ">
      <marc:subfield code="c">2</marc:subfield>
    </marc:datafield>
    <marc:datafield tag="200" ind1=" " ind2=" ">
      <marc:subfield code="7">ba0yba0y</marc:subfield>
      <marc:subfield code="8">fre   </marc:subfield>
      <marc:subfield code="9"> 0 </marc:subfield>
      <marc:subfield code="a">Balderston</marc:subfield>
      <marc:subfield code="b">John L.</marc:subfield>
      <marc:subfield code="f">1889-1954</marc:subfield>
    </marc:datafield>
    <marc:datafield tag="300" ind1="0" ind2=" ">
      <marc:subfield code="a">Dramaturge et scénariste</marc:subfield>
    </marc:datafield>
    <marc:datafield tag="301" ind1=" " ind2=" ">
      <marc:subfield code="a">Philadelphie (Pennsylvanie, États-Unis)</marc:subfield>
      <marc:subfield code="b">Los Angeles (Californie, États-Unis)</marc:subfield>
    </marc:datafield>
    <marc:datafield tag="400" ind1=" " ind2=" ">
      <marc:subfield code="7">ba0yba0y</marc:subfield>
      <marc:subfield code="8">fre   </marc:subfield>
      <marc:subfield code="a">Balderston</marc:subfield>
      <marc:subfield code="b">John</marc:subfield>
      <marc:subfield code="f">1889-1954</marc:subfield>
    </marc:datafield>
    <marc:datafield tag="400" ind1=" " ind2=" ">
      <marc:subfield code="7">ba0yba0y</marc:subfield>
      <marc:subfield code="8">fre   </marc:subfield>
      <marc:subfield code="a">Balderston</marc:subfield>
      <marc:subfield code="b">John Lloyd</marc:subfield>
      <marc:subfield code="f">1889-1954</marc:subfield>
    </marc:datafield>
    <marc:datafield tag="801" ind1=" " ind2=" ">
      <marc:subfield code="a">FR</marc:subfield>
      <marc:subfield code="b">FR-751131015</marc:subfield>
      <marc:subfield code="c">20220322</marc:subfield>
    </marc:datafield>
    <marc:datafield tag="810" ind1=" " ind2=" ">
      <marc:subfield code="a">Gaslight [Images animées] / George Cukor, réal. ; John Van Druten, Walter Reisch, John L. Balderston, scénario, 1994</marc:subfield>
      <marc:subfield code="a">L'ennemi bien-aimée [Images animées] / Henry C. Potter, réal. ; John Balderston, Rose Franker, William Brown Meloney, scénario, 1991</marc:subfield>
    </marc:datafield>
    <marc:datafield tag="810" ind1=" " ind2=" ">
      <marc:subfield code="a">IMDb - https://www.imdb.com/name/nm0049721/?ref_=fn_al_nm_1 (2005-04-23) (2022-03-22)</marc:subfield>
      <marc:subfield code="a">The MacMillan international film encyclopedia</marc:subfield>
    </marc:datafield>
    <marc:datafield tag="856" ind1=" " ind2=" ">
      <marc:subfield code="u">https://www.imdb.com/name/nm0049721/?ref_=fn_al_nm_1</marc:subfield>
      <marc:subfield code="e">2005-04-23</marc:subfield>
      <marc:subfield code="e">2022-03-22</marc:subfield>
    </marc:datafield>
  </marc:record>