
  <marc:record>
    <marc:leader>01205cx  a2200301   4500</marc:leader>
    <marc:controlfield tag="001">FRBNF138951693</marc:controlfield>
    <marc:controlfield tag="003">http://catalogue.bnf.fr/ark:/12148/cb138951698</marc:controlfield>
    <marc:controlfield tag="005">20160506</marc:controlfield>
    <marc:datafield tag="010" ind1=" " ind2=" ">
      <marc:subfield code="a">0000000121210662</marc:subfield>
      <marc:subfield code="2">VIAF</marc:subfield>
      <marc:subfield code="d">20130731</marc:subfield>
    </marc:datafield>
    <marc:datafield tag="039" ind1=" " ind2=" ">
      <marc:subfield code="o">OPL</marc:subfield>
      <marc:subfield code="a">010577281</marc:subfield>
    </marc:datafield>
    <marc:datafield tag="039" ind1=" " ind2=" ">
      <marc:subfield code="o">OPP</marc:subfield>
      <marc:subfield code="a">16366427</marc:subfield>
      <marc:subfield code="d">20160506</marc:subfield>
    </marc:datafield>
    <marc:datafield tag="100" ind1=" " ind2=" ">
      <marc:subfield code="a">19890601afrey50      ba0</marc:subfield>
    </marc:datafield>
    <marc:datafield tag="101" ind1=" " ind2=" ">
      <marc:subfield code="a">eng</marc:subfield>
    </marc:datafield>
    <marc:datafield tag="102" ind1=" " ind2=" ">
      <marc:subfield code="a">US</marc:subfield>
    </marc:datafield>
    <marc:datafield tag="103" ind1=" " ind2=" ">
      <marc:subfield code="a"> 19110629  19751224 </marc:subfield>
    </marc:datafield>
    <marc:datafield tag="105" ind1=" " ind2=" ">
      <marc:subfield code="a">a</marc:subfield>
      <marc:subfield code="a">i</marc:subfield>
      <marc:subfield code="a">p</marc:subfield>
    </marc:datafield>
    <marc:datafield tag="106" ind1=" " ind2=" ">
      <marc:subfield code="a">010</marc:subfield>
    </marc:datafield>
    <marc:datafield tag="120" ind1=" " ind2=" ">
      <marc:subfield code="a">b</marc:subfield>
    </marc:datafield>
    <marc:datafield tag="152" ind1=" " ind2=" ">
      <marc:subfield code="c">2</marc:subfield>
    </marc:datafield>
    <marc:datafield tag="200" ind1=" " ind2=" ">
      <marc:subfield code="7">ba0yba0y</marc:subfield>
      <marc:subfield code="8">fre   </marc:subfield>
      <marc:subfield code="9"> 0 </marc:subfield>
      <marc:subfield code="a">Herrmann</marc:subfield>
      <marc:subfield code="b">Bernard</marc:subfield>
      <marc:subfield code="f">1911-1975</marc:subfield>
    </marc:datafield>
    <marc:datafield tag="300" ind1=" " ind2=" ">
      <marc:subfield code="a">Arrangeur, compositeur de musique de films et chef d'orchestre</marc:subfield>
    </marc:datafield>
    <marc:datafield tag="301" ind1=" " ind2=" ">
      <marc:subfield code="a">New York</marc:subfield>
      <marc:subfield code="b">Los Angeles (Calif.)</marc:subfield>
    </marc:datafield>
    <marc:datafield tag="400" ind1=" " ind2=" ">
      <marc:subfield code="7">ba0yba0y</marc:subfield>
      <marc:subfield code="8">fre   </marc:subfield>
      <marc:subfield code="a">Hermann</marc:subfield>
      <marc:subfield code="b">Bernard</marc:subfield>
      <marc:subfield code="f">1911-1975</marc:subfield>
    </marc:datafield>
    <marc:datafield tag="686" ind1=" " ind2=" ">
      <marc:subfield code="a">780</marc:subfield>
      <marc:subfield code="c">Musique</marc:subfield>
      <marc:subfield code="2">Note de regroupement par domaine</marc:subfield>
    </marc:datafield>
    <marc:datafield tag="801" ind1=" " ind2=" ">
      <marc:subfield code="a">FR</marc:subfield>
      <marc:subfield code="b">FR-751131015</marc:subfield>
      <marc:subfield code="c">20160506</marc:subfield>
    </marc:datafield>
    <marc:datafield tag="810" ind1=" " ind2=" ">
      <marc:subfield code="a">The 3 worlds of Gulliver [Enregistrement sonore] / Bernard Herrmann, comp... [et al.]. Cloud Nine CN4003</marc:subfield>
      <marc:subfield code="a">L'affaire Cicéron [Images animées] / Joseph L. Mankiewicz, réal., scénario; [...] Bernard Hermann, comp... [et al.], [2004]</marc:subfield>
    </marc:datafield>
    <marc:datafield tag="810" ind1=" " ind2=" ">
      <marc:subfield code="a">LC authorities - http://authorities.loc.gov (2004-11-15)</marc:subfield>
      <marc:subfield code="a">Grove 6</marc:subfield>
    </marc:datafield>
    <marc:datafield tag="856" ind1=" " ind2=" ">
      <marc:subfield code="u">http://authorities.loc.gov/</marc:subfield>
      <marc:subfield code="e">2004-11-15</marc:subfield>
    </marc:datafield>
  </marc:record>