
  <marc:record>
    <marc:leader>01174cx  a2200349   4500</marc:leader>
    <marc:controlfield tag="001">FRBNF138945313</marc:controlfield>
    <marc:controlfield tag="003">http://catalogue.bnf.fr/ark:/12148/cb13894531f</marc:controlfield>
    <marc:controlfield tag="005">20210611</marc:controlfield>
    <marc:datafield tag="010" ind1=" " ind2=" ">
      <marc:subfield code="a">0000000121367029</marc:subfield>
      <marc:subfield code="2">ISNI</marc:subfield>
      <marc:subfield code="d">20131217</marc:subfield>
    </marc:datafield>
    <marc:datafield tag="039" ind1=" " ind2=" ">
      <marc:subfield code="o">OPL</marc:subfield>
      <marc:subfield code="a">012849627</marc:subfield>
      <marc:subfield code="z">AMA</marc:subfield>
    </marc:datafield>
    <marc:datafield tag="039" ind1=" " ind2=" ">
      <marc:subfield code="o">OPL</marc:subfield>
      <marc:subfield code="a">015520042</marc:subfield>
      <marc:subfield code="z">APP</marc:subfield>
    </marc:datafield>
    <marc:datafield tag="039" ind1=" " ind2=" ">
      <marc:subfield code="o">OPP</marc:subfield>
      <marc:subfield code="a">14819840</marc:subfield>
      <marc:subfield code="d">20060810</marc:subfield>
    </marc:datafield>
    <marc:datafield tag="039" ind1=" " ind2=" ">
      <marc:subfield code="o">OPP</marc:subfield>
      <marc:subfield code="a">14681360</marc:subfield>
      <marc:subfield code="d">20060810</marc:subfield>
    </marc:datafield>
    <marc:datafield tag="039" ind1=" " ind2=" ">
      <marc:subfield code="o">OPP</marc:subfield>
      <marc:subfield code="a">14681361</marc:subfield>
      <marc:subfield code="d">20060810</marc:subfield>
    </marc:datafield>
    <marc:datafield tag="039" ind1=" " ind2=" ">
      <marc:subfield code="o">OPP</marc:subfield>
      <marc:subfield code="a">14895606</marc:subfield>
      <marc:subfield code="d">20070118</marc:subfield>
    </marc:datafield>
    <marc:datafield tag="039" ind1=" " ind2=" ">
      <marc:subfield code="o">OPP</marc:subfield>
      <marc:subfield code="a">14989900</marc:subfield>
      <marc:subfield code="d">20070611</marc:subfield>
    </marc:datafield>
    <marc:datafield tag="100" ind1=" " ind2=" ">
      <marc:subfield code="a">19890601afrey50      ba0</marc:subfield>
    </marc:datafield>
    <marc:datafield tag="101" ind1=" " ind2=" ">
      <marc:subfield code="a">eng</marc:subfield>
    </marc:datafield>
    <marc:datafield tag="102" ind1=" " ind2=" ">
      <marc:subfield code="a">US</marc:subfield>
    </marc:datafield>
    <marc:datafield tag="103" ind1=" " ind2=" ">
      <marc:subfield code="a"> 19370131           </marc:subfield>
    </marc:datafield>
    <marc:datafield tag="105" ind1=" " ind2=" ">
      <marc:subfield code="a">a</marc:subfield>
      <marc:subfield code="a">i</marc:subfield>
      <marc:subfield code="a">p</marc:subfield>
      <marc:subfield code="d">h</marc:subfield>
    </marc:datafield>
    <marc:datafield tag="106" ind1=" " ind2=" ">
      <marc:subfield code="a">010</marc:subfield>
    </marc:datafield>
    <marc:datafield tag="120" ind1=" " ind2=" ">
      <marc:subfield code="a">b</marc:subfield>
    </marc:datafield>
    <marc:datafield tag="152" ind1=" " ind2=" ">
      <marc:subfield code="c">2</marc:subfield>
    </marc:datafield>
    <marc:datafield tag="200" ind1=" " ind2=" ">
      <marc:subfield code="7">ba0yba0y</marc:subfield>
      <marc:subfield code="8">fre   </marc:subfield>
      <marc:subfield code="9"> 0 </marc:subfield>
      <marc:subfield code="a">Glass</marc:subfield>
      <marc:subfield code="b">Philip</marc:subfield>
      <marc:subfield code="f">1937-....</marc:subfield>
    </marc:datafield>
    <marc:datafield tag="300" ind1=" " ind2=" ">
      <marc:subfield code="a">Compositeur et musicien</marc:subfield>
    </marc:datafield>
    <marc:datafield tag="400" ind1=" " ind2=" ">
      <marc:subfield code="7">ba0yba0y</marc:subfield>
      <marc:subfield code="8">fre   </marc:subfield>
      <marc:subfield code="a">Glass</marc:subfield>
      <marc:subfield code="b">Phil</marc:subfield>
      <marc:subfield code="f">1937-....</marc:subfield>
    </marc:datafield>
    <marc:datafield tag="510" ind1=" " ind2=" ">
      <marc:subfield code="5">xxxz</marc:subfield>
      <marc:subfield code="0">Fondateur de :</marc:subfield>
      <marc:subfield code="3">13999503</marc:subfield>
      <marc:subfield code="a">Philip Glass ensemble</marc:subfield>
    </marc:datafield>
    <marc:datafield tag="801" ind1=" " ind2=" ">
      <marc:subfield code="a">FR</marc:subfield>
      <marc:subfield code="b">FR-751131015</marc:subfield>
      <marc:subfield code="c">20210611</marc:subfield>
    </marc:datafield>
    <marc:datafield tag="810" ind1=" " ind2=" ">
      <marc:subfield code="a">North star [Enregistrement sonore] / Philip Glass comp. VIRGIN V2085</marc:subfield>
    </marc:datafield>
    <marc:datafield tag="810" ind1=" " ind2=" ">
      <marc:subfield code="a">Dict. biogr. des musiciens / Baker, Slonimsky, 1995</marc:subfield>
      <marc:subfield code="a">Grove 6</marc:subfield>
      <marc:subfield code="a">LCNA (CD), 1996-06</marc:subfield>
      <marc:subfield code="a">GDEL</marc:subfield>
    </marc:datafield>
    <marc:datafield tag="856" ind1=" " ind2=" ">
      <marc:subfield code="u">https://philipglass.com/</marc:subfield>
      <marc:subfield code="e">2020-10-06</marc:subfield>
    </marc:datafield>
  </marc:record>