
  <marc:record>
    <marc:leader>01183cx  a2200253   4500</marc:leader>
    <marc:controlfield tag="001">FRBNF138942833</marc:controlfield>
    <marc:controlfield tag="003">http://catalogue.bnf.fr/ark:/12148/cb13894283v</marc:controlfield>
    <marc:controlfield tag="005">20190219</marc:controlfield>
    <marc:datafield tag="010" ind1=" " ind2=" ">
      <marc:subfield code="a">0000000115766840</marc:subfield>
      <marc:subfield code="2">VIAF</marc:subfield>
      <marc:subfield code="d">20130731</marc:subfield>
    </marc:datafield>
    <marc:datafield tag="039" ind1=" " ind2=" ">
      <marc:subfield code="o">OPP</marc:subfield>
      <marc:subfield code="a">14655432</marc:subfield>
      <marc:subfield code="d">20070605</marc:subfield>
    </marc:datafield>
    <marc:datafield tag="100" ind1=" " ind2=" ">
      <marc:subfield code="a">19890601afrey50      ba0</marc:subfield>
    </marc:datafield>
    <marc:datafield tag="101" ind1=" " ind2=" ">
      <marc:subfield code="a">ger</marc:subfield>
    </marc:datafield>
    <marc:datafield tag="102" ind1=" " ind2=" ">
      <marc:subfield code="a">CH</marc:subfield>
    </marc:datafield>
    <marc:datafield tag="103" ind1=" " ind2=" ">
      <marc:subfield code="a"> 19410322  20190215 </marc:subfield>
    </marc:datafield>
    <marc:datafield tag="105" ind1=" " ind2=" ">
      <marc:subfield code="a">i</marc:subfield>
      <marc:subfield code="a">p</marc:subfield>
    </marc:datafield>
    <marc:datafield tag="106" ind1=" " ind2=" ">
      <marc:subfield code="a">010</marc:subfield>
    </marc:datafield>
    <marc:datafield tag="120" ind1=" " ind2=" ">
      <marc:subfield code="a">b</marc:subfield>
    </marc:datafield>
    <marc:datafield tag="152" ind1=" " ind2=" ">
      <marc:subfield code="c">2</marc:subfield>
    </marc:datafield>
    <marc:datafield tag="200" ind1=" " ind2=" ">
      <marc:subfield code="7">ba0yba0y</marc:subfield>
      <marc:subfield code="8">fre   </marc:subfield>
      <marc:subfield code="9"> 0 </marc:subfield>
      <marc:subfield code="a">Ganz</marc:subfield>
      <marc:subfield code="b">Bruno</marc:subfield>
      <marc:subfield code="f">1941-2019</marc:subfield>
    </marc:datafield>
    <marc:datafield tag="300" ind1=" " ind2=" ">
      <marc:subfield code="a">Acteur de théâtre, cinéma et télévision. - Réalisateur. - Il fonde la compagnie de théâtre "Schaubühne" à Berlin avec Peter Stein (1970)</marc:subfield>
    </marc:datafield>
    <marc:datafield tag="301" ind1=" " ind2=" ">
      <marc:subfield code="a">Zurich (Suisse)</marc:subfield>
      <marc:subfield code="b">Zurich (Suisse)</marc:subfield>
    </marc:datafield>
    <marc:datafield tag="801" ind1=" " ind2=" ">
      <marc:subfield code="a">FR</marc:subfield>
      <marc:subfield code="b">FR-751131015</marc:subfield>
      <marc:subfield code="c">20190219</marc:subfield>
    </marc:datafield>
    <marc:datafield tag="810" ind1=" " ind2=" ">
      <marc:subfield code="a">Les ailes du désir [Enregistrement sonore] : bande originale du film / Jüurgen Knieper, comp.  ; Bruno Ganz, Solveig Dammartin, voix ; Nick Cave and the bad Seeds, groupe voc. et instr.,1987</marc:subfield>
    </marc:datafield>
    <marc:datafield tag="810" ind1=" " ind2=" ">
      <marc:subfield code="a">BNF-ASP. Bruno Ganz : dossier biographique, 1977</marc:subfield>
      <marc:subfield code="a">Dureau</marc:subfield>
      <marc:subfield code="a">Les gens du cinéma = The people of the movie world / André Siscot, 1998</marc:subfield>
      <marc:subfield code="a">Le Figaro [article nécrologique], 2019-02-18</marc:subfield>
      <marc:subfield code="a">Le Monde [article nécrologique], 2019-02-19</marc:subfield>
    </marc:datafield>
  </marc:record>