
  <marc:record>
    <marc:leader>02227cx  a2200493   4500</marc:leader>
    <marc:controlfield tag="001">FRBNF119290515</marc:controlfield>
    <marc:controlfield tag="003">http://catalogue.bnf.fr/ark:/12148/cb11929051b</marc:controlfield>
    <marc:controlfield tag="005">20170306</marc:controlfield>
    <marc:datafield tag="010" ind1=" " ind2=" ">
      <marc:subfield code="a">0000000120968527</marc:subfield>
      <marc:subfield code="2">VIAF</marc:subfield>
      <marc:subfield code="d">20130724</marc:subfield>
    </marc:datafield>
    <marc:datafield tag="039" ind1=" " ind2=" ">
      <marc:subfield code="o">OPL</marc:subfield>
      <marc:subfield code="a">001844415</marc:subfield>
      <marc:subfield code="z">AMA</marc:subfield>
    </marc:datafield>
    <marc:datafield tag="039" ind1=" " ind2=" ">
      <marc:subfield code="o">OPL</marc:subfield>
      <marc:subfield code="a">001480602</marc:subfield>
      <marc:subfield code="z">APP</marc:subfield>
    </marc:datafield>
    <marc:datafield tag="039" ind1=" " ind2=" ">
      <marc:subfield code="o">OPP</marc:subfield>
      <marc:subfield code="a">14866845</marc:subfield>
      <marc:subfield code="d">20060626</marc:subfield>
    </marc:datafield>
    <marc:datafield tag="039" ind1=" " ind2=" ">
      <marc:subfield code="o">OPP</marc:subfield>
      <marc:subfield code="a">14704528</marc:subfield>
      <marc:subfield code="d">20060626</marc:subfield>
    </marc:datafield>
    <marc:datafield tag="039" ind1=" " ind2=" ">
      <marc:subfield code="o">OPP</marc:subfield>
      <marc:subfield code="a">14942292</marc:subfield>
      <marc:subfield code="d">20070326</marc:subfield>
    </marc:datafield>
    <marc:datafield tag="100" ind1=" " ind2=" ">
      <marc:subfield code="a">19821006afrey50      ba0</marc:subfield>
    </marc:datafield>
    <marc:datafield tag="101" ind1=" " ind2=" ">
      <marc:subfield code="a">eng</marc:subfield>
    </marc:datafield>
    <marc:datafield tag="102" ind1=" " ind2=" ">
      <marc:subfield code="a">US</marc:subfield>
    </marc:datafield>
    <marc:datafield tag="103" ind1=" " ind2=" ">
      <marc:subfield code="a"> 19150506  19851010 </marc:subfield>
    </marc:datafield>
    <marc:datafield tag="105" ind1=" " ind2=" ">
      <marc:subfield code="a">a</marc:subfield>
      <marc:subfield code="a">i</marc:subfield>
      <marc:subfield code="a">p</marc:subfield>
    </marc:datafield>
    <marc:datafield tag="106" ind1=" " ind2=" ">
      <marc:subfield code="a">010</marc:subfield>
    </marc:datafield>
    <marc:datafield tag="120" ind1=" " ind2=" ">
      <marc:subfield code="a">b</marc:subfield>
    </marc:datafield>
    <marc:datafield tag="152" ind1=" " ind2=" ">
      <marc:subfield code="c">2</marc:subfield>
    </marc:datafield>
    <marc:datafield tag="200" ind1=" " ind2=" ">
      <marc:subfield code="7">ba0yba0y</marc:subfield>
      <marc:subfield code="8">fre   </marc:subfield>
      <marc:subfield code="9"> 0 </marc:subfield>
      <marc:subfield code="a">Welles</marc:subfield>
      <marc:subfield code="b">Orson</marc:subfield>
      <marc:subfield code="f">1915-1985</marc:subfield>
    </marc:datafield>
    <marc:datafield tag="300" ind1=" " ind2=" ">
      <marc:subfield code="a">Cinéaste et acteur. - Metteur en scène de théâtre</marc:subfield>
    </marc:datafield>
    <marc:datafield tag="530" ind1=" " ind2=" ">
      <marc:subfield code="5">z</marc:subfield>
      <marc:subfield code="0">Réalisateur de : </marc:subfield>
      <marc:subfield code="3">17817111</marc:subfield>
      <marc:subfield code="a">Too much Johnson (film ; 1938)</marc:subfield>
    </marc:datafield>
    <marc:datafield tag="530" ind1=" " ind2=" ">
      <marc:subfield code="5">z</marc:subfield>
      <marc:subfield code="3">12364712</marc:subfield>
      <marc:subfield code="a">The war of the worlds (émission radiophonique)</marc:subfield>
    </marc:datafield>
    <marc:datafield tag="530" ind1=" " ind2=" ">
      <marc:subfield code="5">z</marc:subfield>
      <marc:subfield code="0">Réalisateur de : </marc:subfield>
      <marc:subfield code="3">14665577</marc:subfield>
      <marc:subfield code="a">The stranger (film)</marc:subfield>
    </marc:datafield>
    <marc:datafield tag="530" ind1=" " ind2=" ">
      <marc:subfield code="5">z</marc:subfield>
      <marc:subfield code="0">Réalisateur de : </marc:subfield>
      <marc:subfield code="3">14665576</marc:subfield>
      <marc:subfield code="a">The lady from Shanghai (film)</marc:subfield>
    </marc:datafield>
    <marc:datafield tag="530" ind1=" " ind2=" ">
      <marc:subfield code="5">z</marc:subfield>
      <marc:subfield code="0">Réalisateur de : </marc:subfield>
      <marc:subfield code="3">14665573</marc:subfield>
      <marc:subfield code="a">Macbeth (film ; 1948)</marc:subfield>
    </marc:datafield>
    <marc:datafield tag="530" ind1=" " ind2=" ">
      <marc:subfield code="5">z</marc:subfield>
      <marc:subfield code="0">Réalisateur de : </marc:subfield>
      <marc:subfield code="3">15064135</marc:subfield>
      <marc:subfield code="a">The other side of the wind (film)</marc:subfield>
    </marc:datafield>
    <marc:datafield tag="530" ind1=" " ind2=" ">
      <marc:subfield code="5">z</marc:subfield>
      <marc:subfield code="0">Réalisateur de : </marc:subfield>
      <marc:subfield code="3">13182090</marc:subfield>
      <marc:subfield code="a">Le procès (film ; 1962)</marc:subfield>
    </marc:datafield>
    <marc:datafield tag="530" ind1=" " ind2=" ">
      <marc:subfield code="5">z</marc:subfield>
      <marc:subfield code="0">Réalisateur de : </marc:subfield>
      <marc:subfield code="3">13751593</marc:subfield>
      <marc:subfield code="a">Othello (film ; 1952)</marc:subfield>
    </marc:datafield>
    <marc:datafield tag="530" ind1=" " ind2=" ">
      <marc:subfield code="5">z</marc:subfield>
      <marc:subfield code="0">Réalisateur de : </marc:subfield>
      <marc:subfield code="3">12566403</marc:subfield>
      <marc:subfield code="a">The magnificent Ambersons (film)</marc:subfield>
    </marc:datafield>
    <marc:datafield tag="530" ind1=" " ind2=" ">
      <marc:subfield code="5">z</marc:subfield>
      <marc:subfield code="0">Réalisateur de : </marc:subfield>
      <marc:subfield code="3">13182086</marc:subfield>
      <marc:subfield code="a">Une histoire immortelle (film)</marc:subfield>
    </marc:datafield>
    <marc:datafield tag="530" ind1=" " ind2=" ">
      <marc:subfield code="5">z</marc:subfield>
      <marc:subfield code="0">Réalisateur de : </marc:subfield>
      <marc:subfield code="3">13494507</marc:subfield>
      <marc:subfield code="a">F for Fake (film)</marc:subfield>
    </marc:datafield>
    <marc:datafield tag="530" ind1=" " ind2=" ">
      <marc:subfield code="5">z</marc:subfield>
      <marc:subfield code="0">Réalisateur de : </marc:subfield>
      <marc:subfield code="3">12459082</marc:subfield>
      <marc:subfield code="a">Confidential report (film)</marc:subfield>
    </marc:datafield>
    <marc:datafield tag="530" ind1=" " ind2=" ">
      <marc:subfield code="5">z</marc:subfield>
      <marc:subfield code="0">Réalisateur de : </marc:subfield>
      <marc:subfield code="3">12156070</marc:subfield>
      <marc:subfield code="a">Citizen Kane (film)</marc:subfield>
    </marc:datafield>
    <marc:datafield tag="530" ind1=" " ind2=" ">
      <marc:subfield code="5">z</marc:subfield>
      <marc:subfield code="0">Réalisateur de : </marc:subfield>
      <marc:subfield code="3">14483062</marc:subfield>
      <marc:subfield code="a">Touch of evil (film)</marc:subfield>
    </marc:datafield>
    <marc:datafield tag="530" ind1=" " ind2=" ">
      <marc:subfield code="5">z</marc:subfield>
      <marc:subfield code="0">Réalisateur de : </marc:subfield>
      <marc:subfield code="3">15038549</marc:subfield>
      <marc:subfield code="a">Falstaff (film)</marc:subfield>
    </marc:datafield>
    <marc:datafield tag="686" ind1=" " ind2=" ">
      <marc:subfield code="a">791</marc:subfield>
      <marc:subfield code="c">Audiovisuel</marc:subfield>
      <marc:subfield code="2">Note de regroupement par domaine</marc:subfield>
    </marc:datafield>
    <marc:datafield tag="801" ind1=" " ind2=" ">
      <marc:subfield code="a">FR</marc:subfield>
      <marc:subfield code="b">FR-751131015</marc:subfield>
      <marc:subfield code="c">20170306</marc:subfield>
    </marc:datafield>
    <marc:datafield tag="810" ind1=" " ind2=" ">
      <marc:subfield code="a">Monsieur Arkadin / Orson Welles ; trad. et adapté de l'américain par Maurice Bessy, 2e éd., 1955</marc:subfield>
    </marc:datafield>
    <marc:datafield tag="810" ind1=" " ind2=" ">
      <marc:subfield code="a">LCNA (CD), 1996-06 : Welles, Orson, 1915-</marc:subfield>
      <marc:subfield code="a">Dict. des cinéastes / G. Sadoul, 1990</marc:subfield>
    </marc:datafield>
    <marc:datafield tag="810" ind1=" " ind2=" ">
      <marc:subfield code="a">BN Cat. gén. 1960-1969 : Welles (Orson)</marc:subfield>
    </marc:datafield>
  </marc:record>