
  <marc:record>
    <marc:leader>01218cx  a2200241   4500</marc:leader>
    <marc:controlfield tag="001">FRBNF119027973</marc:controlfield>
    <marc:controlfield tag="003">http://catalogue.bnf.fr/ark:/12148/cb11902797g</marc:controlfield>
    <marc:controlfield tag="005">20190405</marc:controlfield>
    <marc:datafield tag="010" ind1=" " ind2=" ">
      <marc:subfield code="a">0000000120236609</marc:subfield>
      <marc:subfield code="2">VIAF</marc:subfield>
      <marc:subfield code="d">20130724</marc:subfield>
    </marc:datafield>
    <marc:datafield tag="039" ind1=" " ind2=" ">
      <marc:subfield code="o">OPL</marc:subfield>
      <marc:subfield code="a">000764603</marc:subfield>
    </marc:datafield>
    <marc:datafield tag="100" ind1=" " ind2=" ">
      <marc:subfield code="a">19750205afrey50      ba0</marc:subfield>
    </marc:datafield>
    <marc:datafield tag="101" ind1=" " ind2=" ">
      <marc:subfield code="a">fre</marc:subfield>
    </marc:datafield>
    <marc:datafield tag="102" ind1=" " ind2=" ">
      <marc:subfield code="a">BE</marc:subfield>
    </marc:datafield>
    <marc:datafield tag="103" ind1=" " ind2=" ">
      <marc:subfield code="a"> 19440329           </marc:subfield>
    </marc:datafield>
    <marc:datafield tag="105" ind1=" " ind2=" ">
      <marc:subfield code="a">a</marc:subfield>
    </marc:datafield>
    <marc:datafield tag="106" ind1=" " ind2=" ">
      <marc:subfield code="a">1  </marc:subfield>
    </marc:datafield>
    <marc:datafield tag="120" ind1=" " ind2=" ">
      <marc:subfield code="a">b</marc:subfield>
    </marc:datafield>
    <marc:datafield tag="152" ind1=" " ind2=" ">
      <marc:subfield code="c">2</marc:subfield>
    </marc:datafield>
    <marc:datafield tag="200" ind1=" " ind2=" ">
      <marc:subfield code="7">ba0yba0y</marc:subfield>
      <marc:subfield code="8">fre   </marc:subfield>
      <marc:subfield code="9"> 0 </marc:subfield>
      <marc:subfield code="a">Finné</marc:subfield>
      <marc:subfield code="b">Jacques</marc:subfield>
      <marc:subfield code="f">1944-....</marc:subfield>
    </marc:datafield>
    <marc:datafield tag="300" ind1="0" ind2=" ">
      <marc:subfield code="a">Traduit de l'anglais et du néerlandais en français</marc:subfield>
    </marc:datafield>
    <marc:datafield tag="300" ind1="0" ind2=" ">
      <marc:subfield code="a">Critique littéraire. - Spécialiste de la démonologie et des récits fantastiques</marc:subfield>
    </marc:datafield>
    <marc:datafield tag="801" ind1=" " ind2=" ">
      <marc:subfield code="a">FR</marc:subfield>
      <marc:subfield code="b">FR-751131015</marc:subfield>
      <marc:subfield code="c">20190405</marc:subfield>
    </marc:datafield>
    <marc:datafield tag="810" ind1=" " ind2=" ">
      <marc:subfield code="a">L'Anneau : roman / Gust Van Brussel ; traduit du néerlandais et postfacé par Jacques Finné, 1975</marc:subfield>
      <marc:subfield code="a">La Femme de marbre : contes fantastiques / Hugh B. Cave ; choisis, trad. de l'américain et présentés par J. Finné, 1988</marc:subfield>
      <marc:subfield code="a">Opéra sans musique : introduction à l'art lyrique / Jacques Finné, 1982</marc:subfield>
      <marc:subfield code="a">L'étreint de glace et autres histoires surnaturelles écrites par des Victoriennes / choix des textes et postface de Jacques Finné ; traduction de Jacques Finné &amp; Jessica Stabile. - [Paris] : Éditions Corti, 2019.</marc:subfield>
    </marc:datafield>
  </marc:record>