
  <marc:record>
    <marc:leader>01845cx  a2200397   4500</marc:leader>
    <marc:controlfield tag="001">FRBNF119074414</marc:controlfield>
    <marc:controlfield tag="003">http://catalogue.bnf.fr/ark:/12148/cb119074417</marc:controlfield>
    <marc:controlfield tag="005">20220718</marc:controlfield>
    <marc:datafield tag="010" ind1=" " ind2=" ">
      <marc:subfield code="a">0000000368589213</marc:subfield>
      <marc:subfield code="2">ISNI</marc:subfield>
      <marc:subfield code="d">20220504</marc:subfield>
    </marc:datafield>
    <marc:datafield tag="039" ind1=" " ind2=" ">
      <marc:subfield code="o">OPL</marc:subfield>
      <marc:subfield code="a">001827152</marc:subfield>
      <marc:subfield code="z">AMA</marc:subfield>
    </marc:datafield>
    <marc:datafield tag="039" ind1=" " ind2=" ">
      <marc:subfield code="o">OPL</marc:subfield>
      <marc:subfield code="a">000890057</marc:subfield>
      <marc:subfield code="z">APP</marc:subfield>
    </marc:datafield>
    <marc:datafield tag="039" ind1=" " ind2=" ">
      <marc:subfield code="o">OPP</marc:subfield>
      <marc:subfield code="a">14859774</marc:subfield>
      <marc:subfield code="d">20061127</marc:subfield>
    </marc:datafield>
    <marc:datafield tag="100" ind1=" " ind2=" ">
      <marc:subfield code="a">19790625afrey50      ba0</marc:subfield>
    </marc:datafield>
    <marc:datafield tag="101" ind1=" " ind2=" ">
      <marc:subfield code="a">ger</marc:subfield>
    </marc:datafield>
    <marc:datafield tag="102" ind1=" " ind2=" ">
      <marc:subfield code="a">DE</marc:subfield>
    </marc:datafield>
    <marc:datafield tag="103" ind1=" " ind2=" ">
      <marc:subfield code="a"> 19420905           </marc:subfield>
    </marc:datafield>
    <marc:datafield tag="105" ind1=" " ind2=" ">
      <marc:subfield code="a">a</marc:subfield>
      <marc:subfield code="a">i</marc:subfield>
      <marc:subfield code="a">p</marc:subfield>
    </marc:datafield>
    <marc:datafield tag="106" ind1=" " ind2=" ">
      <marc:subfield code="a">010</marc:subfield>
    </marc:datafield>
    <marc:datafield tag="120" ind1=" " ind2=" ">
      <marc:subfield code="a">b</marc:subfield>
    </marc:datafield>
    <marc:datafield tag="152" ind1=" " ind2=" ">
      <marc:subfield code="c">2</marc:subfield>
    </marc:datafield>
    <marc:datafield tag="200" ind1=" " ind2=" ">
      <marc:subfield code="7">ba0yba0y</marc:subfield>
      <marc:subfield code="8">fre   </marc:subfield>
      <marc:subfield code="9"> 0 </marc:subfield>
      <marc:subfield code="a">Herzog</marc:subfield>
      <marc:subfield code="b">Werner</marc:subfield>
      <marc:subfield code="f">1942-....</marc:subfield>
    </marc:datafield>
    <marc:datafield tag="300" ind1=" " ind2=" ">
      <marc:subfield code="a">Cinéaste. - Pseudonyme de Werner H. Stipetić</marc:subfield>
    </marc:datafield>
    <marc:datafield tag="530" ind1=" " ind2=" ">
      <marc:subfield code="5">z</marc:subfield>
      <marc:subfield code="0">Réalisateur de : </marc:subfield>
      <marc:subfield code="3">16930853</marc:subfield>
      <marc:subfield code="a">Herz aus Glas (film)</marc:subfield>
    </marc:datafield>
    <marc:datafield tag="530" ind1=" " ind2=" ">
      <marc:subfield code="5">z</marc:subfield>
      <marc:subfield code="0">Réalisateur de : </marc:subfield>
      <marc:subfield code="3">14291169</marc:subfield>
      <marc:subfield code="a">Aguirre, der Zorn Gottes (film)</marc:subfield>
    </marc:datafield>
    <marc:datafield tag="530" ind1=" " ind2=" ">
      <marc:subfield code="5">z</marc:subfield>
      <marc:subfield code="0">Réalisateur de : </marc:subfield>
      <marc:subfield code="3">16473887</marc:subfield>
      <marc:subfield code="a">Woyzeck (film)</marc:subfield>
    </marc:datafield>
    <marc:datafield tag="530" ind1=" " ind2=" ">
      <marc:subfield code="5">z</marc:subfield>
      <marc:subfield code="0">Réalisateur de : </marc:subfield>
      <marc:subfield code="3">16458712</marc:subfield>
      <marc:subfield code="a">Stroszek (film)</marc:subfield>
    </marc:datafield>
    <marc:datafield tag="530" ind1=" " ind2=" ">
      <marc:subfield code="5">z</marc:subfield>
      <marc:subfield code="0">Réalisateur de : </marc:subfield>
      <marc:subfield code="3">16457854</marc:subfield>
      <marc:subfield code="a">Wo die grünen Ameisen träumen (film)</marc:subfield>
    </marc:datafield>
    <marc:datafield tag="530" ind1=" " ind2=" ">
      <marc:subfield code="5">z</marc:subfield>
      <marc:subfield code="0">Réalisateur de : </marc:subfield>
      <marc:subfield code="3">16146967</marc:subfield>
      <marc:subfield code="a">Rad der Zeit (film)</marc:subfield>
    </marc:datafield>
    <marc:datafield tag="530" ind1=" " ind2=" ">
      <marc:subfield code="5">z</marc:subfield>
      <marc:subfield code="0">Réalisateur de : </marc:subfield>
      <marc:subfield code="3">16026129</marc:subfield>
      <marc:subfield code="a">Fitzcarraldo (film)</marc:subfield>
    </marc:datafield>
    <marc:datafield tag="530" ind1=" " ind2=" ">
      <marc:subfield code="5">z</marc:subfield>
      <marc:subfield code="0">Réalisateur de : </marc:subfield>
      <marc:subfield code="3">14577518</marc:subfield>
      <marc:subfield code="a">Nosferatu, Phantom der Nacht (film)</marc:subfield>
    </marc:datafield>
    <marc:datafield tag="530" ind1=" " ind2=" ">
      <marc:subfield code="5">z</marc:subfield>
      <marc:subfield code="0">Réalisateur de : </marc:subfield>
      <marc:subfield code="3">12489837</marc:subfield>
      <marc:subfield code="a">Jeder für sich und Gott gegen alle (film)</marc:subfield>
    </marc:datafield>
    <marc:datafield tag="530" ind1=" " ind2=" ">
      <marc:subfield code="5">z</marc:subfield>
      <marc:subfield code="0">Réalisateur de : </marc:subfield>
      <marc:subfield code="3">13497807</marc:subfield>
      <marc:subfield code="a">Cobra verde (film)</marc:subfield>
    </marc:datafield>
    <marc:datafield tag="801" ind1=" " ind2=" ">
      <marc:subfield code="a">FR</marc:subfield>
      <marc:subfield code="b">FR-751131015</marc:subfield>
      <marc:subfield code="c">20220718</marc:subfield>
    </marc:datafield>
    <marc:datafield tag="810" ind1=" " ind2=" ">
      <marc:subfield code="a">Fitzcarraldo ; (suivi de) Nosferatu ; (et de) la Ballade de Bruno / Werner Herzog ; trad. de l'allemand par Nicole Casanova, 1982</marc:subfield>
    </marc:datafield>
    <marc:datafield tag="810" ind1=" " ind2=" ">
      <marc:subfield code="a">Bibliothèque nationale, autorités, Allemagne - https://d-nb.info/gnd/118550276 (2022-07-18)</marc:subfield>
      <marc:subfield code="a">Brockhaus 19. Aufl.</marc:subfield>
      <marc:subfield code="a">Cent cinéastes allemands. In : Histoire du cinéma allemand / Roland Schneider, 1990, p. 199</marc:subfield>
    </marc:datafield>
    <marc:datafield tag="856" ind1=" " ind2=" ">
      <marc:subfield code="u">https://d-nb.info/gnd/118550276</marc:subfield>
      <marc:subfield code="e">2022-07-18</marc:subfield>
    </marc:datafield>
  </marc:record>