
  <marc:record>
    <marc:leader>01523cx  a2200361   4500</marc:leader>
    <marc:controlfield tag="001">FRBNF138969595</marc:controlfield>
    <marc:controlfield tag="003">http://catalogue.bnf.fr/ark:/12148/cb13896959d</marc:controlfield>
    <marc:controlfield tag="005">20070607</marc:controlfield>
    <marc:datafield tag="010" ind1=" " ind2=" ">
      <marc:subfield code="a">0000000121358915</marc:subfield>
      <marc:subfield code="2">VIAF</marc:subfield>
      <marc:subfield code="d">20130731</marc:subfield>
    </marc:datafield>
    <marc:datafield tag="039" ind1=" " ind2=" ">
      <marc:subfield code="o">OPL</marc:subfield>
      <marc:subfield code="a">001845549</marc:subfield>
      <marc:subfield code="z">AMA</marc:subfield>
    </marc:datafield>
    <marc:datafield tag="039" ind1=" " ind2=" ">
      <marc:subfield code="o">OPL</marc:subfield>
      <marc:subfield code="a">001065339</marc:subfield>
      <marc:subfield code="z">APP</marc:subfield>
    </marc:datafield>
    <marc:datafield tag="039" ind1=" " ind2=" ">
      <marc:subfield code="o">OPP</marc:subfield>
      <marc:subfield code="a">14792847</marc:subfield>
      <marc:subfield code="d">20060519</marc:subfield>
    </marc:datafield>
    <marc:datafield tag="039" ind1=" " ind2=" ">
      <marc:subfield code="o">OPP</marc:subfield>
      <marc:subfield code="a">14911522</marc:subfield>
      <marc:subfield code="d">20070109</marc:subfield>
    </marc:datafield>
    <marc:datafield tag="039" ind1=" " ind2=" ">
      <marc:subfield code="o">OPP</marc:subfield>
      <marc:subfield code="a">14992539</marc:subfield>
      <marc:subfield code="d">20070607</marc:subfield>
    </marc:datafield>
    <marc:datafield tag="100" ind1=" " ind2=" ">
      <marc:subfield code="a">19890601afrey50      ba0</marc:subfield>
    </marc:datafield>
    <marc:datafield tag="101" ind1=" " ind2=" ">
      <marc:subfield code="a">ger</marc:subfield>
    </marc:datafield>
    <marc:datafield tag="102" ind1=" " ind2=" ">
      <marc:subfield code="a">AT</marc:subfield>
    </marc:datafield>
    <marc:datafield tag="103" ind1=" " ind2=" ">
      <marc:subfield code="a"> 18600707  19110518 </marc:subfield>
    </marc:datafield>
    <marc:datafield tag="105" ind1=" " ind2=" ">
      <marc:subfield code="a">a</marc:subfield>
      <marc:subfield code="a">i</marc:subfield>
    </marc:datafield>
    <marc:datafield tag="106" ind1=" " ind2=" ">
      <marc:subfield code="a">010</marc:subfield>
    </marc:datafield>
    <marc:datafield tag="120" ind1=" " ind2=" ">
      <marc:subfield code="a">b</marc:subfield>
    </marc:datafield>
    <marc:datafield tag="152" ind1=" " ind2=" ">
      <marc:subfield code="c">2</marc:subfield>
    </marc:datafield>
    <marc:datafield tag="200" ind1=" " ind2=" ">
      <marc:subfield code="7">ba0yba0y</marc:subfield>
      <marc:subfield code="8">fre   </marc:subfield>
      <marc:subfield code="9"> 0 </marc:subfield>
      <marc:subfield code="a">Mahler</marc:subfield>
      <marc:subfield code="b">Gustav</marc:subfield>
      <marc:subfield code="f">1860-1911</marc:subfield>
    </marc:datafield>
    <marc:datafield tag="300" ind1=" " ind2=" ">
      <marc:subfield code="a">Compositeur et chef d'orchestre</marc:subfield>
    </marc:datafield>
    <marc:datafield tag="301" ind1=" " ind2=" ">
      <marc:subfield code="a">Kalištĕ (République tchèque)</marc:subfield>
      <marc:subfield code="b">Vienne</marc:subfield>
    </marc:datafield>
    <marc:datafield tag="510" ind1=" " ind2=" ">
      <marc:subfield code="5">xxxz</marc:subfield>
      <marc:subfield code="0">Dirige : </marc:subfield>
      <marc:subfield code="3">15002927</marc:subfield>
      <marc:subfield code="7">ba0yba0y</marc:subfield>
      <marc:subfield code="8">fre   </marc:subfield>
      <marc:subfield code="9">20 </marc:subfield>
      <marc:subfield code="a">Staatsoper</marc:subfield>
      <marc:subfield code="c">Vienne</marc:subfield>
      <marc:subfield code="b">Orchester</marc:subfield>
    </marc:datafield>
    <marc:datafield tag="510" ind1=" " ind2=" ">
      <marc:subfield code="5">xxxz</marc:subfield>
      <marc:subfield code="0">Dirige : </marc:subfield>
      <marc:subfield code="3">13904970</marc:subfield>
      <marc:subfield code="7">ba0yba0y</marc:subfield>
      <marc:subfield code="8">freeng</marc:subfield>
      <marc:subfield code="9">20 </marc:subfield>
      <marc:subfield code="a">Metropolitan opera</marc:subfield>
      <marc:subfield code="c">New York</marc:subfield>
      <marc:subfield code="b">Orchestra</marc:subfield>
    </marc:datafield>
    <marc:datafield tag="510" ind1=" " ind2=" ">
      <marc:subfield code="5">xxxz</marc:subfield>
      <marc:subfield code="0">Dirige : </marc:subfield>
      <marc:subfield code="3">13905367</marc:subfield>
      <marc:subfield code="7">ba0yba0y</marc:subfield>
      <marc:subfield code="8">fre   </marc:subfield>
      <marc:subfield code="9">20 </marc:subfield>
      <marc:subfield code="a">New York Philharmonic</marc:subfield>
    </marc:datafield>
    <marc:datafield tag="510" ind1=" " ind2=" ">
      <marc:subfield code="5">xxxz</marc:subfield>
      <marc:subfield code="0">Dirige : </marc:subfield>
      <marc:subfield code="3">13907496</marc:subfield>
      <marc:subfield code="7">ba0yba0y</marc:subfield>
      <marc:subfield code="8">fre   </marc:subfield>
      <marc:subfield code="9">20 </marc:subfield>
      <marc:subfield code="a">Wiener Philharmoniker</marc:subfield>
      <marc:subfield code="p">1898-1901</marc:subfield>
    </marc:datafield>
    <marc:datafield tag="801" ind1=" " ind2=" ">
      <marc:subfield code="a">FR</marc:subfield>
      <marc:subfield code="b">FR-751131015</marc:subfield>
      <marc:subfield code="c">20070607</marc:subfield>
    </marc:datafield>
    <marc:datafield tag="810" ind1=" " ind2=" ">
      <marc:subfield code="a">Malher-Strauss : correspondance : 1888-1911 / rassemblée et commentée par Herta Blaukopf ; trad. de l'allemand par Martin Kaltenecker, 1989</marc:subfield>
    </marc:datafield>
    <marc:datafield tag="810" ind1=" " ind2=" ">
      <marc:subfield code="a">GDEL</marc:subfield>
      <marc:subfield code="a">La musique / Roland de Candé, 1989</marc:subfield>
      <marc:subfield code="a">Grove 6</marc:subfield>
      <marc:subfield code="a">Dictionnaire biographique des musiciens / Baker, Slonimsky, 1995</marc:subfield>
    </marc:datafield>
    <marc:datafield tag="810" ind1=" " ind2=" ">
      <marc:subfield code="a">BN Cat. gén. suppl.</marc:subfield>
      <marc:subfield code="a">BN Cat. gén. 1960-1969</marc:subfield>
    </marc:datafield>
  </marc:record>