
  <marc:record>
    <marc:leader>01385cx  a2200289   4500</marc:leader>
    <marc:controlfield tag="001">FRBNF138935397</marc:controlfield>
    <marc:controlfield tag="003">http://catalogue.bnf.fr/ark:/12148/cb13893539z</marc:controlfield>
    <marc:controlfield tag="005">20190429</marc:controlfield>
    <marc:datafield tag="010" ind1=" " ind2=" ">
      <marc:subfield code="a">0000000121039893</marc:subfield>
      <marc:subfield code="2">VIAF</marc:subfield>
      <marc:subfield code="d">20130731</marc:subfield>
    </marc:datafield>
    <marc:datafield tag="039" ind1=" " ind2=" ">
      <marc:subfield code="o">OPL</marc:subfield>
      <marc:subfield code="a">010262054</marc:subfield>
      <marc:subfield code="z">AMA</marc:subfield>
    </marc:datafield>
    <marc:datafield tag="039" ind1=" " ind2=" ">
      <marc:subfield code="o">OPL</marc:subfield>
      <marc:subfield code="a">007111722</marc:subfield>
      <marc:subfield code="z">APP</marc:subfield>
    </marc:datafield>
    <marc:datafield tag="039" ind1=" " ind2=" ">
      <marc:subfield code="o">OPP</marc:subfield>
      <marc:subfield code="a">14788483</marc:subfield>
      <marc:subfield code="d">20060503</marc:subfield>
    </marc:datafield>
    <marc:datafield tag="100" ind1=" " ind2=" ">
      <marc:subfield code="a">19890601afrey50      ba0</marc:subfield>
    </marc:datafield>
    <marc:datafield tag="101" ind1=" " ind2=" ">
      <marc:subfield code="a">fre</marc:subfield>
    </marc:datafield>
    <marc:datafield tag="102" ind1=" " ind2=" ">
      <marc:subfield code="a">FR</marc:subfield>
    </marc:datafield>
    <marc:datafield tag="103" ind1=" " ind2=" ">
      <marc:subfield code="a"> 19550529           </marc:subfield>
    </marc:datafield>
    <marc:datafield tag="105" ind1=" " ind2=" ">
      <marc:subfield code="a">a</marc:subfield>
      <marc:subfield code="a">p</marc:subfield>
    </marc:datafield>
    <marc:datafield tag="106" ind1=" " ind2=" ">
      <marc:subfield code="a">010</marc:subfield>
    </marc:datafield>
    <marc:datafield tag="120" ind1=" " ind2=" ">
      <marc:subfield code="a">b</marc:subfield>
    </marc:datafield>
    <marc:datafield tag="200" ind1=" " ind2=" ">
      <marc:subfield code="7">ba0yba0y</marc:subfield>
      <marc:subfield code="8">fre   </marc:subfield>
      <marc:subfield code="9"> 0 </marc:subfield>
      <marc:subfield code="a">Dusapin</marc:subfield>
      <marc:subfield code="b">Pascal</marc:subfield>
      <marc:subfield code="f">1955-....</marc:subfield>
    </marc:datafield>
    <marc:datafield tag="300" ind1=" " ind2=" ">
      <marc:subfield code="a">Compositeur. - Photographe amateur</marc:subfield>
    </marc:datafield>
    <marc:datafield tag="301" ind1=" " ind2=" ">
      <marc:subfield code="a">Nancy</marc:subfield>
    </marc:datafield>
    <marc:datafield tag="686" ind1=" " ind2=" ">
      <marc:subfield code="a">780</marc:subfield>
      <marc:subfield code="c">Musique</marc:subfield>
      <marc:subfield code="2">Note de regroupement par domaine</marc:subfield>
    </marc:datafield>
    <marc:datafield tag="801" ind1=" " ind2=" ">
      <marc:subfield code="a">FR</marc:subfield>
      <marc:subfield code="b">FR-751131015</marc:subfield>
      <marc:subfield code="c">20190429</marc:subfield>
    </marc:datafield>
    <marc:datafield tag="810" ind1=" " ind2=" ">
      <marc:subfield code="a">Comoedia [Enregistrement sonore] / Pascal Dusapin, comp. ; Françoise Kubler, MS ; Ars nova, ens. instr. ; Philippe Nahon, dir. Salabert SCD9701</marc:subfield>
      <marc:subfield code="a">Roméo &amp; Juliette [Musique imprimée] : opéra en 9 numéros / Pascal Dusapin ; texte  Olivier Cadiot, [1996]</marc:subfield>
      <marc:subfield code="a">Accords photographiques / Pascal Dusapin, DL 2012</marc:subfield>
    </marc:datafield>
    <marc:datafield tag="810" ind1=" " ind2=" ">
      <marc:subfield code="a">WW France, 2005-2006</marc:subfield>
      <marc:subfield code="a">Grove music online - http://www.grovemusic.com (2006-05-03)</marc:subfield>
      <marc:subfield code="a">Brahms : base de documentation sur la musique contemporaine - http://brahms.ircam.fr (2008-03-21)</marc:subfield>
      <marc:subfield code="a">Pascal Dusapin : [catalogue des oeuvres]. - Salabert, 1997</marc:subfield>
    </marc:datafield>
    <marc:datafield tag="856" ind1=" " ind2=" ">
      <marc:subfield code="u">http://www.grovemusic.com</marc:subfield>
      <marc:subfield code="e">2006-05-03</marc:subfield>
      <marc:subfield code="u">http://brahms.ircam.fr</marc:subfield>
      <marc:subfield code="e">2008-03-21</marc:subfield>
    </marc:datafield>
  </marc:record>