
  <marc:record>
    <marc:leader>01582cx  a2200349   4500</marc:leader>
    <marc:controlfield tag="001">FRBNF123630151</marc:controlfield>
    <marc:controlfield tag="003">http://catalogue.bnf.fr/ark:/12148/cb12363015z</marc:controlfield>
    <marc:controlfield tag="005">20191207</marc:controlfield>
    <marc:datafield tag="010" ind1=" " ind2=" ">
      <marc:subfield code="a">0000000122804104</marc:subfield>
      <marc:subfield code="2">VIAF</marc:subfield>
      <marc:subfield code="d">20130726</marc:subfield>
    </marc:datafield>
    <marc:datafield tag="039" ind1=" " ind2=" ">
      <marc:subfield code="o">OPL</marc:subfield>
      <marc:subfield code="a">009619242</marc:subfield>
    </marc:datafield>
    <marc:datafield tag="039" ind1=" " ind2=" ">
      <marc:subfield code="o">OPP</marc:subfield>
      <marc:subfield code="a">15461934</marc:subfield>
      <marc:subfield code="d">20110603</marc:subfield>
    </marc:datafield>
    <marc:datafield tag="039" ind1=" " ind2=" ">
      <marc:subfield code="o">OPP</marc:subfield>
      <marc:subfield code="a">14891044</marc:subfield>
      <marc:subfield code="d">20110603</marc:subfield>
    </marc:datafield>
    <marc:datafield tag="039" ind1=" " ind2=" ">
      <marc:subfield code="o">OPP</marc:subfield>
      <marc:subfield code="a">15461933</marc:subfield>
      <marc:subfield code="d">20110603</marc:subfield>
    </marc:datafield>
    <marc:datafield tag="039" ind1=" " ind2=" ">
      <marc:subfield code="o">OPP</marc:subfield>
      <marc:subfield code="a">15461932</marc:subfield>
      <marc:subfield code="d">20121010</marc:subfield>
    </marc:datafield>
    <marc:datafield tag="039" ind1=" " ind2=" ">
      <marc:subfield code="o">OPP</marc:subfield>
      <marc:subfield code="a">16812627</marc:subfield>
      <marc:subfield code="d">20181116</marc:subfield>
    </marc:datafield>
    <marc:datafield tag="100" ind1=" " ind2=" ">
      <marc:subfield code="a">19940120afrey50      ba0</marc:subfield>
    </marc:datafield>
    <marc:datafield tag="101" ind1=" " ind2=" ">
      <marc:subfield code="a">fre</marc:subfield>
    </marc:datafield>
    <marc:datafield tag="102" ind1=" " ind2=" ">
      <marc:subfield code="a">FR</marc:subfield>
    </marc:datafield>
    <marc:datafield tag="103" ind1=" " ind2=" ">
      <marc:subfield code="a"> 18840524  19470531 </marc:subfield>
    </marc:datafield>
    <marc:datafield tag="105" ind1=" " ind2=" ">
      <marc:subfield code="a">a</marc:subfield>
    </marc:datafield>
    <marc:datafield tag="106" ind1=" " ind2=" ">
      <marc:subfield code="a">010</marc:subfield>
    </marc:datafield>
    <marc:datafield tag="120" ind1=" " ind2=" ">
      <marc:subfield code="a">b</marc:subfield>
    </marc:datafield>
    <marc:datafield tag="200" ind1=" " ind2=" ">
      <marc:subfield code="7">ba0yba0y</marc:subfield>
      <marc:subfield code="8">fre   </marc:subfield>
      <marc:subfield code="9"> 0 </marc:subfield>
      <marc:subfield code="a">Falké</marc:subfield>
      <marc:subfield code="b">Pierre</marc:subfield>
      <marc:subfield code="f">1884-1947</marc:subfield>
    </marc:datafield>
    <marc:datafield tag="300" ind1=" " ind2=" ">
      <marc:subfield code="a">Peintre et graveur. - Prénoms complets : Pierre André Michel</marc:subfield>
    </marc:datafield>
    <marc:datafield tag="301" ind1=" " ind2=" ">
      <marc:subfield code="a">Paris, 14e arrondissement (France)</marc:subfield>
      <marc:subfield code="b">Coutevroult (Seine-et-Marne)</marc:subfield>
    </marc:datafield>
    <marc:datafield tag="400" ind1=" " ind2=" ">
      <marc:subfield code="7">ba0yba0y</marc:subfield>
      <marc:subfield code="8">fre   </marc:subfield>
      <marc:subfield code="a">Falké</marc:subfield>
      <marc:subfield code="f">1884-1947</marc:subfield>
    </marc:datafield>
    <marc:datafield tag="686" ind1=" " ind2=" ">
      <marc:subfield code="a">750</marc:subfield>
      <marc:subfield code="c">Peinture</marc:subfield>
      <marc:subfield code="2">Note de regroupement par domaine</marc:subfield>
    </marc:datafield>
    <marc:datafield tag="686" ind1=" " ind2=" ">
      <marc:subfield code="a">760</marc:subfield>
      <marc:subfield code="c">Arts graphiques</marc:subfield>
      <marc:subfield code="2">Note de regroupement par domaine</marc:subfield>
    </marc:datafield>
    <marc:datafield tag="801" ind1=" " ind2=" ">
      <marc:subfield code="a">FR</marc:subfield>
      <marc:subfield code="b">FR-751131015</marc:subfield>
      <marc:subfield code="c">20191207</marc:subfield>
    </marc:datafield>
    <marc:datafield tag="810" ind1=" " ind2=" ">
      <marc:subfield code="a">Brest / par Pierre Mac Orlan ; frontispice de Pierre Falké, 1926</marc:subfield>
      <marc:subfield code="a">Les vrais de vrai / Francis Carco ; récit illustré d'eaux-fortes hors texte gravées par Pierre Falké, 1928</marc:subfield>
      <marc:subfield code="a">Le pot au noir : scènes et figures des Tropiques / de Louis Chadourne ; bois gravés par Falké</marc:subfield>
    </marc:datafield>
    <marc:datafield tag="810" ind1=" " ind2=" ">
      <marc:subfield code="a">Bénézit, 1976</marc:subfield>
      <marc:subfield code="a">Le coin des pseudonymes et autres recherches biographiques / par Patrick Ramseyer. In : Le Rocambole : Bulletin des amis du roman populaire, n° 88-89, automne-hiver  2019 (p. 317)</marc:subfield>
    </marc:datafield>
    <marc:datafield tag="810" ind1=" " ind2=" ">
      <marc:subfield code="a">BN Cat. gén.</marc:subfield>
    </marc:datafield>
  </marc:record>