
  <marc:record>
    <marc:leader>02095cx  a2200433   4500</marc:leader>
    <marc:controlfield tag="001">FRBNF121261182</marc:controlfield>
    <marc:controlfield tag="003">http://catalogue.bnf.fr/ark:/12148/cb12126118t</marc:controlfield>
    <marc:controlfield tag="005">20210917</marc:controlfield>
    <marc:datafield tag="010" ind1=" " ind2=" ">
      <marc:subfield code="a">0000000079743368</marc:subfield>
      <marc:subfield code="2">VIAF</marc:subfield>
      <marc:subfield code="d">20130725</marc:subfield>
    </marc:datafield>
    <marc:datafield tag="039" ind1=" " ind2=" ">
      <marc:subfield code="o">OPL</marc:subfield>
      <marc:subfield code="a">004751749</marc:subfield>
    </marc:datafield>
    <marc:datafield tag="039" ind1=" " ind2=" ">
      <marc:subfield code="o">OPP</marc:subfield>
      <marc:subfield code="a">11259191</marc:subfield>
      <marc:subfield code="d">20090416</marc:subfield>
    </marc:datafield>
    <marc:datafield tag="039" ind1=" " ind2=" ">
      <marc:subfield code="o">OPP</marc:subfield>
      <marc:subfield code="a">11844511</marc:subfield>
      <marc:subfield code="d">20090416</marc:subfield>
    </marc:datafield>
    <marc:datafield tag="039" ind1=" " ind2=" ">
      <marc:subfield code="o">OPP</marc:subfield>
      <marc:subfield code="a">14310159</marc:subfield>
      <marc:subfield code="d">20090416</marc:subfield>
    </marc:datafield>
    <marc:datafield tag="039" ind1=" " ind2=" ">
      <marc:subfield code="o">OPP</marc:subfield>
      <marc:subfield code="a">10605344</marc:subfield>
      <marc:subfield code="d">20090416</marc:subfield>
    </marc:datafield>
    <marc:datafield tag="039" ind1=" " ind2=" ">
      <marc:subfield code="o">OPP</marc:subfield>
      <marc:subfield code="a">11257872</marc:subfield>
      <marc:subfield code="d">20090416</marc:subfield>
    </marc:datafield>
    <marc:datafield tag="039" ind1=" " ind2=" ">
      <marc:subfield code="o">OPP</marc:subfield>
      <marc:subfield code="a">11269655</marc:subfield>
      <marc:subfield code="d">20090416</marc:subfield>
    </marc:datafield>
    <marc:datafield tag="039" ind1=" " ind2=" ">
      <marc:subfield code="o">OPP</marc:subfield>
      <marc:subfield code="a">11557393</marc:subfield>
      <marc:subfield code="d">20090416</marc:subfield>
    </marc:datafield>
    <marc:datafield tag="039" ind1=" " ind2=" ">
      <marc:subfield code="o">OPP</marc:subfield>
      <marc:subfield code="a">11844371</marc:subfield>
      <marc:subfield code="d">20090416</marc:subfield>
    </marc:datafield>
    <marc:datafield tag="039" ind1=" " ind2=" ">
      <marc:subfield code="o">OPP</marc:subfield>
      <marc:subfield code="a">11845645</marc:subfield>
      <marc:subfield code="d">20090416</marc:subfield>
    </marc:datafield>
    <marc:datafield tag="039" ind1=" " ind2=" ">
      <marc:subfield code="o">OPP</marc:subfield>
      <marc:subfield code="a">13305839</marc:subfield>
      <marc:subfield code="d">20090416</marc:subfield>
    </marc:datafield>
    <marc:datafield tag="039" ind1=" " ind2=" ">
      <marc:subfield code="o">OPP</marc:subfield>
      <marc:subfield code="a">13315038</marc:subfield>
      <marc:subfield code="d">20090416</marc:subfield>
    </marc:datafield>
    <marc:datafield tag="039" ind1=" " ind2=" ">
      <marc:subfield code="o">OPP</marc:subfield>
      <marc:subfield code="a">15480026</marc:subfield>
      <marc:subfield code="d">20150924</marc:subfield>
    </marc:datafield>
    <marc:datafield tag="039" ind1=" " ind2=" ">
      <marc:subfield code="o">OPP</marc:subfield>
      <marc:subfield code="a">17346678</marc:subfield>
      <marc:subfield code="d">20210917</marc:subfield>
    </marc:datafield>
    <marc:datafield tag="100" ind1=" " ind2=" ">
      <marc:subfield code="a">19891002afrey50      ba0</marc:subfield>
    </marc:datafield>
    <marc:datafield tag="101" ind1=" " ind2=" ">
      <marc:subfield code="a">fre</marc:subfield>
      <marc:subfield code="t">eng</marc:subfield>
    </marc:datafield>
    <marc:datafield tag="102" ind1=" " ind2=" ">
      <marc:subfield code="a">FR</marc:subfield>
    </marc:datafield>
    <marc:datafield tag="103" ind1=" " ind2=" ">
      <marc:subfield code="a"> 18860109  19550510 </marc:subfield>
    </marc:datafield>
    <marc:datafield tag="105" ind1=" " ind2=" ">
      <marc:subfield code="a">a</marc:subfield>
    </marc:datafield>
    <marc:datafield tag="106" ind1=" " ind2=" ">
      <marc:subfield code="a">010</marc:subfield>
    </marc:datafield>
    <marc:datafield tag="120" ind1=" " ind2=" ">
      <marc:subfield code="a">a</marc:subfield>
    </marc:datafield>
    <marc:datafield tag="200" ind1=" " ind2=" ">
      <marc:subfield code="7">ba0yba0y</marc:subfield>
      <marc:subfield code="8">fre   </marc:subfield>
      <marc:subfield code="9"> 0 </marc:subfield>
      <marc:subfield code="a">Paul-Margueritte</marc:subfield>
      <marc:subfield code="b">Lucie</marc:subfield>
      <marc:subfield code="f">1886-1955</marc:subfield>
    </marc:datafield>
    <marc:datafield tag="300" ind1=" " ind2=" ">
      <marc:subfield code="a">Femme de lettres. - Traductrice. - Fille de l'écrivain Paul Margueritte (1860-1918) et sœur d'Ève Paul-Margueritte (1885-1971) avec laquelle elle collabora. - Prénoms complets : Lucie Blanche</marc:subfield>
    </marc:datafield>
    <marc:datafield tag="400" ind1=" " ind2=" ">
      <marc:subfield code="7">ba0yba0y</marc:subfield>
      <marc:subfield code="8">fre   </marc:subfield>
      <marc:subfield code="a">Margueritte</marc:subfield>
      <marc:subfield code="b">Lucie Paul-</marc:subfield>
    </marc:datafield>
    <marc:datafield tag="686" ind1=" " ind2=" ">
      <marc:subfield code="a">800</marc:subfield>
      <marc:subfield code="c">Histoire et critique littéraires</marc:subfield>
      <marc:subfield code="2">Note de regroupement par domaine</marc:subfield>
    </marc:datafield>
    <marc:datafield tag="801" ind1=" " ind2=" ">
      <marc:subfield code="a">FR</marc:subfield>
      <marc:subfield code="b">FR-751131015</marc:subfield>
      <marc:subfield code="c">20210917</marc:subfield>
    </marc:datafield>
    <marc:datafield tag="810" ind1=" " ind2=" ">
      <marc:subfield code="a">Paillettes / Lucie Paul Margueritte, 1908</marc:subfield>
      <marc:subfield code="a">Auteuil et Passy, des origines à nos jours / Ève et Lucie Paul-Margueritte, 1946</marc:subfield>
      <marc:subfield code="a">Dracula / Bram Stocker ; traduit de l'anglais par Ève et Lucie Paul-Margueritte, 1946</marc:subfield>
    </marc:datafield>
    <marc:datafield tag="810" ind1=" " ind2=" ">
      <marc:subfield code="a">Le coin des pseudonymes et autres recherches biographiques / par Patrick Ramseyer. In : Le Rocambole : Bulletin des amis du roman populaire, n° 82, printemps 2018, p. 174</marc:subfield>
      <marc:subfield code="a">WW, France 1969-1970 (art. : Margueritte, Éve Paul)</marc:subfield>
    </marc:datafield>
    <marc:datafield tag="810" ind1=" " ind2=" ">
      <marc:subfield code="a">BN Cat. gén. ; BN Cat. gén. suppl. ; BN Cat. gén. 1960-1969 : Margueritte (Lucie Paul-)</marc:subfield>
    </marc:datafield>
    <marc:datafield tag="815" ind1=" " ind2=" ">
      <marc:subfield code="a">Qui était qui, XXe siècle / Béatrice et Michel Wattel, 2005. - Laffont-Bompiani, Auteurs. - Van Tieghem</marc:subfield>
    </marc:datafield>
  </marc:record>